1705 2729
576 99 620 136 C.
655 99 770 135 IVLI
803 98 1072 135 CAESARIS

163 208 286 247 stinae
309 209 477 248 lenitatis
499 210 677 248 omnium
699 209 845 248 iudicio
867 211 1011 249 Cacsar
1036 211 1183 250 serebat
1204 212 1490 263 consiliumque

161 273 243 311 eius
264 288 287 311 a
307 274 458 312 cunctis
479 275 726 324 probabatur.

91 347 141 385 75
217 337 372 385 Quibus
394 338 508 376 rebus
526 337 712 376 nuntiatis
725 338 909 377 Afranius
925 339 975 377 ab
996 339 1174 378 instituto
1191 353 1307 390 opere
1323 340 1491 380 discedit

162 414 282 450 seque
309 401 349 439 in
381 409 506 440 castra
538 402 684 452 recipit,
718 403 773 441 sic
805 411 971 453 paratus,
1004 411 1045 442 ut
1077 404 1290 451 videbatur,
1323 413 1375 452 ut,
1410 405 1490 455 qui-

161 479 332 515 cumque
352 466 559 505 accidisset
580 480 703 513 casus,
722 469 828 505 hunc
850 467 983 517 quieto
1005 476 1042 506 et
1062 482 1190 518 aequo
1210 469 1342 507 animo
1364 471 1487 508 ferret.
1510 479 1527 508 5

123 544 137 564 2
162 530 335 568 Petreius
362 545 453 569 vero
481 545 561 569 non
587 531 728 570 deserit
753 545 847 570 sese.
907 534 1044 570 Armat
1065 532 1276 581 familiam3
1305 547 1394 572 cum
1417 535 1490 572 hac

160 602 197 632 et
236 596 427 645 praetoria
472 597 635 635 cohorte
683 604 941 635 caetratorum
988 597 1241 647 barbarisque
1293 597 1489 646 equitibus

159 659 305 708 paucis,
328 660 586 698 beneficiariis
615 660 704 707 suis,
728 674 826 710 quos
854 674 946 699 suae
972 661 1174 700 custodiae
1202 674 1319 699 causa
1346 662 1489 700 habere

158 732 376 771 consuerat,
403 724 616 774 improviso
647 726 698 763 ad
728 726 872 763 vallum
902 726 1071 772 advolat,
1095 725 1292 775 colloquia
1320 725 1485 764 militum

159 788 414 838 interrumpit,
455 796 609 827 nostros
648 789 798 839 repellit
835 803 857 827 a
896 789 1041 836 castris,
1082 803 1181 839 quos
1229 790 1489 839 deprehendit
1513 805 1549 826 10

120 863 137 892 3
158 852 348 891 interficit.
424 853 581 903 Reliqui
620 862 765 892 coeunt
796 854 895 892 inter
929 868 969 892 se
1001 862 1039 892 et
1077 854 1281 904 repentino
1314 854 1489 904 periculo

157 917 324 956 exterriti
363 917 534 956 sinistras
576 918 675 968 sagis
718 918 921 956 involvunt
968 918 1198 968 gladiosque
1243 919 1488 968 destringunt

155 990 274 1033 atque
302 983 354 1021 ita
383 997 424 1022 se
453 997 476 1021 a
506 983 684 1022 caetratis
715 983 993 1033 equitibusque
1023 984 1242 1022 defendunt
1272 991 1486 1021 castrorum

156 1047 447 1097 propinquitate
488 1048 625 1086 confisi
665 1061 784 1097 seque
824 1047 863 1085 in
902 1055 1027 1085 castra
1065 1047 1256 1097 recipiunt
1285 1055 1323 1086 et
1351 1049 1401 1087 ab
1432 1048 1487 1087 eis

156 1111 384 1150 cohortibus
406 1126 506 1162 quae
527 1120 635 1151 erant
657 1112 695 1150 in
718 1112 884 1151 statione
904 1113 955 1150 ad
975 1119 1106 1162 portas
1127 1113 1402 1151 defenduntur.
1510 1127 1546 1158 25

83 1174 135 1221 76
211 1176 366 1224 Quibus
394 1177 509 1214 rebus
534 1176 722 1215 confectis
744 1178 841 1215 flens
870 1177 1044 1215 Petreius
1066 1176 1288 1226 manipulos
1309 1176 1486 1215 circumit

157 1240 377 1290 militesque
431 1242 612 1290 appellat,
663 1254 739 1279 neu
788 1254 828 1279 se
876 1254 953 1279 neu
1002 1240 1236 1290 Pompeium
1281 1241 1486 1279 absentem

155 1305 430 1354 imperatorem
485 1319 599 1343 suum
651 1305 878 1343 adversariis
933 1306 984 1343 ad
1039 1305 1273 1355 supplicium
1332 1307 1487 1345 tradant

118 1386 132 1406 2
155 1370 343 1408 obsecrat.
407 1370 466 1408 Fit
494 1370 669 1408 celeriter
696 1384 908 1408 concursus
936 1370 975 1407 in
1000 1370 1247 1420 praetorium.
1309 1372 1486 1409 Postulat

154 1441 195 1472 ut
229 1434 356 1472 iurent
395 1447 533 1473 ornnes
573 1448 613 1472 se
653 1434 864 1473 exercitum
900 1436 1101 1484 ducesque
1143 1449 1222 1474 non
1264 1436 1485 1474 deserturos
1507 1447 1546 1469 20

152 1512 281 1548 neque
309 1498 531 1548 prodituros
556 1512 685 1548 neque
710 1499 783 1537 sibi
809 1499 1016 1548 separatim
1042 1513 1065 1537 a
1092 1500 1249 1549 reliquis
1276 1500 1485 1538 consilium

115 1570 344 1612 3capturos.
418 1562 605 1613 Princeps
645 1563 684 1600 in
724 1564 821 1601 haec
860 1564 978 1602 verba
1009 1563 1108 1602 iurat
1142 1564 1250 1614 ipse3
1289 1564 1395 1603 idem
1426 1564 1485 1603 ius

152 1627 361 1666 iurandum
389 1627 510 1678 adigit
542 1627 776 1674 Afranium3
816 1629 1110 1678 subsequuntur
1138 1628 1283 1667 tribuni
1315 1629 1483 1667 militum

152 1692 480 1742 centurionesque
496 1708 505 1740 3
549 1692 796 1731 centuriatim
824 1693 1005 1742 producti
1038 1693 1180 1732 milites
1210 1693 1316 1732 idem
1343 1693 1480 1732 iurant.

112 1766 132 1797 4
153 1757 336 1805 Edicunt‚
355 1771 477 1807 penes
498 1771 617 1808 quem
634 1758 801 1808 quisque
817 1758 865 1796 sit
882 1758 1059 1797 Caesaris
1074 1758 1196 1805 miles,
1212 1766 1253 1797 ut
1268 1759 1459 1808 producat
1475 1774 1482 1798 ε
1504 1771 1542 1802 25

151 1823 365 1871 productos
395 1824 525 1872 palam
553 1822 592 1860 in
620 1822 814 1872 praetorio
845 1822 1092 1861 interficiunt.
1164 1824 1243 1862 Sed
1275 1825 1483 1873 plerosque

151 1886 187 1925 ei
226 1886 293 1936 qui
332 1895 559 1936 receperant
599 1889 728 1925 celant
766 1894 967 1936 noctuque
1005 1900 1074 1936 per
1102 1889 1247 1925 vallum
1285 1887 1479 1926 emittunt.

114 1962 131 1993 5
153 1951 216 1990 Sic
248 1959 368 1991 terror
399 1952 553 1990 oblatus
585 1965 607 1990 a
638 1951 817 1998 ducibus,
840 1951 1047 1990 crudelitas
1077 1951 1116 1989 in
1146 1951 1349 2001 supplicio,
1381 1965 1484 1990 nova

152 2016 285 2067 religio
326 2016 417 2054 iuris
458 2016 611 2054 iurandi
659 2029 770 2066 spem
818 2015 1032 2066 praesentis
1072 2015 1284 2054 deditionis
1327 2015 1482 2054 sustulit

152 2080 374 2131 mentisque
414 2080 581 2119 militum
621 2079 812 2119 convertit
850 2087 887 2118 et
926 2093 1007 2118 rem
1050 2081 1100 2118 ad
1142 2079 1344 2129 pristinam
1388 2080 1481 2119 belli
1501 2095 1542 2125 30

151 2145 342 2184 rationem
368 2145 526 2196 redegit.

83 2215 131 2254 77
206 2211 350 2249 Caesar
380 2210 446 2260 qui
476 2209 618 2249 milites
651 2209 960 2249 adversariorum
994 2209 1034 2248 in
1069 2216 1193 2248 castra
1222 2223 1291 2260 per
1325 2217 1480 2260 tempus

200 2324 238 2352 19
264 2313 415 2344 Postulat
432 2313 498 2344 D2:
526 2313 697 2352 postulant
713 2311 750 2341 X
870 2314 911 2343 28
936 2318 1046 2343 terror
1062 2313 1194 2343 oblatus
1211 2312 1322 2343 Aldus
1337 2324 1343 2343 :
1369 2319 1480 2344 terror

153 2357 282 2387 ablatus
299 2356 364 2386 D':
391 2362 522 2387 terrore
539 2357 650 2386 oblato
667 2358 690 2390 β
825 2366 866 2396 32
891 2357 945 2395 qui
960 2360 1035 2395 post
1049 2356 1318 2387 adversariorum
1337 2356 1377 2386 L'
