1705 2729
642 125 685 162 C.
720 125 835 161 IVLI
869 124 1138 163 CAESARIS

188 250 203 271 2
226 236 343 284 paulo
357 234 497 274 editior
511 249 520 283 3
540 248 659 285 quern
674 235 704 273 si
722 235 992 285 occupavisset
1010 236 1154 275 Caesar
1169 243 1207 274 et
1221 236 1554 284 communivisset,

224 300 276 336 ab
301 299 450 349 oppido
475 306 513 337 et
542 306 664 349 ponte
691 307 729 338 et
759 307 983 338 commeatu
1013 300 1122 338 omni
1143 313 1262 350 quem
1292 301 1331 338 in
1361 301 1554 350 oppidum

185 382 203 412 3
225 365 471 402 contulerant
502 377 542 402 se
567 364 869 403 interclusurum
893 364 1135 403 adversarios
1162 366 1398 403 confidebat.
1461 367 1555 404 Hoc

225 442 383 477 sperans
404 428 577 477 legiones
600 441 645 466 111
664 442 710 467 ex
731 429 865 467 castris
888 429 1019 468 educit
1040 429 1202 479 acieque
1223 429 1262 467 in
1284 430 1380 468 locis
1401 430 1555 468 idoneis

224 493 412 532 instructa
432 493 548 531 unius
576 493 739 543 legionis
764 494 1042 544 antesignanos
1071 507 1297 544 procurrere
1323 502 1441 544 atque
1462 508 1553 533 eum
1575 505 1591 535 5

184 571 204 601 4
224 559 419 596 tumulum
441 571 635 607 occupare
657 558 775 596 iubet.
837 560 927 607 Qua
954 573 993 597 re
1015 558 1171 608 cognita
1191 559 1366 597 celeriter
1386 572 1486 608 quae
1514 559 1553 597 in

223 622 391 660 statione
412 636 482 673 pro
504 622 637 660 castris
659 630 767 661 erant
788 623 924 661 Afrani
946 624 1128 661 cohortes
1149 622 1326 661 breviore
1346 622 1483 661 itinere
1503 625 1554 662 ad

184 697 200 728 5
223 688 394 725 eundem
416 689 694 737 occupandum
711 689 843 726 locum
862 687 1077 726 mittuntur.
1124 687 1389 727 Contenditur
1404 688 1554 737 proelio

222 759 271 798 et,
305 753 413 801 quod
445 751 550 802 prius
584 752 623 789 in
656 754 852 790 tumulum
887 752 1089 790 Afraniani
1119 761 1316 799 venerant,
1348 752 1470 790 nostri
1500 766 1554 791 re-

221 818 419 866 pelluntur
438 824 556 867 atque
576 817 661 856 aliis
685 817 904 856 summissis
934 817 1118 857 subsidiis
1139 826 1245 869 terga
1264 825 1412 857 vertere
1432 831 1553 869 seque
1574 833 1613 855 10

221 883 271 920 ad
293 881 403 931 signa
423 881 623 932 legionum
645 881 816 932 recipere
837 890 1039 932 coguntur.

113 959 117 963 ·
149 950 203 988 44
277 947 412 984 Genus
451 952 531 984 erat
569 958 725 996 pugnae
764 946 931 985 militum
966 947 1121 985 illorum
1153 954 1195 985 ut
1227 959 1370 997 magno
1404 947 1553 997 impetu

221 1011 348 1061 primo
374 1018 656 1061 procurrerent,
682 1012 869 1050 audacter
897 1012 1029 1050 locum
1057 1018 1253 1061 caperent,
1279 1011 1436 1050 ordines
1461 1025 1552 1050 suos

221 1090 301 1115 non
341 1089 581 1125 magnopere
620 1082 828 1122 servarent,
865 1075 937 1114 rari
972 1075 1216 1126 dispersique
1254 1083 1484 1126 pugnarent,
1521 1075 1552 1114 si

220 1148 498 1191 premerentur,
540 1141 683 1190 pedem
723 1141 863 1179 referre
901 1147 938 1179 et
977 1142 1066 1179 loco
1098 1141 1286 1180 excedere
1324 1153 1404 1179 non
1439 1148 1552 1190 turpe
1574 1152 1609 1183 15

182 1221 197 1242 2
220 1205 495 1252 existimarent,
518 1218 609 1243 cum
632 1204 829 1243 Lusitanis
859 1205 1097 1255 reliquisque
1127 1204 1300 1243 barbaris
1321 1235 1548 1243 ........

218 1284 360 1320 genere
391 1271 566 1320 quodam
601 1283 756 1320 pugnae
786 1269 993 1308 assuefacti
1011 1285 1020 1317 3
1064 1271 1172 1320 quod
1210 1271 1289 1308 fere
1321 1270 1374 1316 fit,
1407 1268 1551 1320 quibus

218 1335 385 1386 quisque
424 1335 463 1373 in
509 1334 605 1373 locis
647 1334 758 1372 miles
801 1334 1082 1381 inveteraverit,
1123 1342 1165 1372 ut
1210 1335 1378 1372 multum
1417 1347 1550 1373 earum

182 1412 199 1442 3
218 1401 422 1450 regionum
450 1399 739 1439 consuetudine
764 1406 976 1438 moveatur.
1039 1401 1153 1438 Haec
1173 1406 1257 1438 tum
1277 1398 1375 1437 ratio
1396 1406 1549 1437 nostros

218 1465 456 1516 perturbavit
484 1465 658 1503 insuetos
685 1464 801 1503 huius
831 1464 982 1514 generis
1010 1477 1164 1514 pugnae
1178 1479 1188 1512 3
1222 1463 1415 1502 circumiri
1443 1463 1548 1501 enim
1569 1476 1610 1498 20

218 1544 303 1569 sese
326 1530 377 1568 ab
400 1537 537 1579 aperto
562 1531 681 1568 latere
705 1529 1023 1579 procurrentibus
1049 1528 1209 1578 singulis
1236 1528 1549 1576 arbitrabantur3

217 1595 290 1645 ipsi
319 1602 450 1633 autem
481 1607 573 1632 suos
602 1593 760 1632 ordines
790 1607 941 1632 servare
965 1607 1094 1643 neque
1123 1594 1173 1632 ab
1203 1592 1322 1642 signis
1346 1592 1549 1632 discedere

216 1673 345 1709 neque
375 1659 459 1697 sine
487 1658 592 1708 gravi
622 1663 740 1696 causa
763 1671 853 1696 eum
884 1660 1016 1696 locum
1046 1671 1164 1708 quem
1191 1665 1375 1707 ceperant
1404 1657 1548 1696 dimitti

178 1739 197 1767 4
217 1731 449 1762 censuerant
476 1731 666 1773 oportere.
727 1725 867 1773 Itaque
896 1723 1129 1773 perturbatis
1155 1722 1419 1772 antesignanis
1446 1722 1547 1772 legio

216 1802 317 1838 quae
352 1789 391 1826 in
427 1802 474 1827 eo
510 1802 632 1827 cornu
666 1788 893 1826 constiterat
925 1789 1057 1827 locum
1089 1801 1169 1827 non
1201 1787 1326 1826 tenuit
1356 1794 1474 1836 atque
1505 1787 1544 1825 in
1567 1801 1604 1832 25

215 1854 437 1903 proximum
460 1855 601 1891 collem
623 1866 708 1891 sese
729 1853 884 1902 recepit.

145 1920 197 1959 45
271 1919 414 1957 Caesar
430 1931 556 1967 paene
572 1917 681 1956 omni
695 1917 778 1956 acie
795 1917 1005 1968 perterrita,
1024 1919 1133 1967 quod
1149 1923 1300 1967 praeter
1315 1916 1544 1967 opinionem

216 1982 625 2031 consuetudinemque
649 1982 856 2029 acciderat,
879 1983 1124 2020 corhortatus
1144 1995 1235 2020 suos
1262 1981 1457 2032 legionem
1478 1995 1544 2020 no-

215 2061 306 2086 nam
340 2047 517 2086 subsidio
549 2046 681 2095 ducit,
729 2048 883 2085 hostem
918 2047 1131 2085 insolenter
1161 2054 1279 2096 atque
1309 2046 1447 2085 acriter
1477 2059 1544 2084 no-

214 2120 312 2151 stros
337 2112 611 2162 insequentem
642 2111 848 2161 supprimit
875 2124 1084 2161 rursusque
1114 2119 1219 2161 terga
1245 2118 1392 2149 vertere
1421 2124 1543 2160 seque
1563 2125 1603 2154 30

213 2178 263 2215 ad
291 2177 482 2226 oppidum
511 2178 681 2215 Ilerdam
709 2176 880 2226 recipere
901 2183 938 2214 et
965 2177 1039 2214 sub
1060 2189 1172 2214 muro
1193 2175 1405 2214 consistere
1425 2175 1538 2225 cogit.

260 2289 297 2317 13
323 2283 568 2309 concurrerent
596 2279 635 2309 U‘
772 2289 808 2317 17
835 2288 960 2316 genere
976 2279 1120 2317 quodam
1139 2276 1192 2307 X:
1226 2278 1366 2309 barbaro
1395 2278 1540 2316 quodam

214 2333 341 2361 genere
359 2322 490 2352 Kraner
622 2332 662 2360 24
689 2322 804 2361 Itaque
823 2345 828 2353 .
851 2346 856 2352 .
875 2345 882 2352 .
905 2322 1032 2361 recepit
1049 2331 1112 2352 om.
1131 2321 1164 2351 E
1280 2330 1321 2360 25
1346 2331 1412 2351 non
1431 2321 1538 2352 tenuit

212 2366 345 2396 Aldus:
370 2366 535 2396 continuit
552 2364 588 2394 X
