1705 2729
444 152 518 190 DE
550 153 730 191 BELLO
760 154 969 192 AFRICO
1001 155 1171 192 LIBER

143 261 252 311 signa
289 268 407 312 atque
436 261 507 300 iter
536 262 736 312 inceptum
776 263 828 301 ire
867 271 1090 313 coeperunt.
1171 264 1368 304 Labienus
1398 280 1466 316 per

141 326 274 376 iugum
315 339 513 364 summum
554 327 663 365 collis
712 328 931 366 dextrorsus
975 329 1111 378 procul
1154 329 1341 379 subsequi
1385 344 1464 368 non

140 390 297 429 destitit.

195 457 408 505 Postquam
444 456 588 495 Caesar
626 456 677 494 ad
716 456 907 506 oppidum
947 458 1146 495 Sarsuram
1185 458 1302 505 venit,
1338 458 1462 509 inspe-
1481 460 1535 505 76

102 530 119 562 5
139 519 335 557 etantibus
355 519 582 558 adversariis
607 519 809 559 interfecto
831 520 1024 570 praesidio
1045 521 1249 571 Scipionis,
1273 536 1362 560 cum
1384 523 1463 561 suis

139 583 323 621 auxilium
345 585 441 622 ferre
462 598 542 622 non
562 586 762 632 auderent,
778 585 926 624 fortiter
946 594 1187 636 repugnante
1204 588 1244 624 P.
1264 587 1461 634 Cornelio,

139 655 302 686 evocato
342 648 547 698 Scipionis,
589 649 656 698 qui
697 649 751 687 ibi
784 657 968 699 praeerat,
1005 658 1123 700 atque
1154 665 1176 688 a
1210 651 1464 690 multitudine

139 712 405 751 circumvento
426 714 710 763 interfectoque
724 714 872 764 oppido
893 715 1039 764 potitur
1053 722 1171 764 atque
1192 715 1246 753 ibi
1268 717 1463 754 frumento

139 776 322 815 exercitui
349 779 442 815 dato
470 785 628 827 postero
648 777 712 816 die
732 780 783 817 ad
803 778 993 828 oppidum
1016 780 1235 828 Thysdram
1264 780 1463 829 pervenit3

82 856 121 879 10
138 840 177 879 in
209 855 292 891 quo
322 842 534 881 Considius
568 856 636 892 per
664 843 704 881 id
734 851 889 893 tempus
919 845 1042 882 fuerat
1072 857 1161 881 cum
1191 845 1329 893 grandi
1358 858 1463 894 prae-

138 905 238 944 sidio
267 907 508 956 cohorteque
538 919 607 945 sua
635 907 904 956 gladiatorum.
983 909 1127 947 Caesar
1160 908 1296 958 oppidi
1326 917 1463 948 natura
1485 925 1498 945 2

136 978 340 1020 perspecta
376 984 502 1021 aquae
541 971 673 1021 inopia
712 972 761 1010 ab
803 972 1097 1022 oppugnatione
1135 972 1217 1011 eius
1256 974 1461 1012 deterritus

136 1034 313 1084 protinus
352 1037 549 1085 profectus
585 1035 735 1074 circiter
771 1036 876 1074 milia
913 1050 1100 1086 passuum
1133 1049 1195 1075 1111
1226 1039 1278 1076 ad
1316 1052 1460 1088 aquam

136 1099 227 1137 facit
255 1107 380 1137 castra
407 1107 525 1149 atque
555 1100 646 1138 inde
676 1107 812 1150 quarta
841 1100 967 1150 vigilia
997 1114 1172 1151 egressus
1202 1101 1301 1140 redit
1331 1116 1460 1141 rursus

80 1178 115 1210 ¹5
135 1164 186 1202 ad
215 1177 260 1201 ea
289 1171 413 1202 castra
442 1177 542 1214 quae
570 1165 621 1203 ad
651 1167 780 1214 Aggar
809 1165 1007 1204 habuerat.
1069 1167 1181 1204 Idem
1210 1166 1301 1204 facit
1328 1167 1459 1217 Scipio

134 1236 253 1279 atque
272 1228 311 1266 in
331 1229 493 1279 antiqua
513 1237 637 1268 castra
658 1230 790 1280 copias
812 1230 971 1268 reducit.

187 1294 469 1333 Thabenenses
491 1294 654 1342 interim,
679 1295 745 1344 qui
766 1296 839 1334 sub
860 1295 1016 1334 dicione
1046 1303 1083 1334 et
1113 1303 1306 1345 potestate
1335 1297 1458 1335 Iubae
1476 1301 1525 1341 77

133 1372 218 1398 esse
252 1368 507 1398 consuessent
539 1360 579 1397 in
613 1367 784 1398 extrema
818 1359 900 1397 eius
934 1359 1041 1409 regni
1073 1360 1231 1410 regione
1265 1361 1458 1400 maritima

134 1424 259 1471 locati,
302 1424 506 1463 interfecto
553 1424 658 1474 regio
705 1423 900 1474 praesidio
956 1426 1103 1474 legatos
1150 1426 1201 1464 ad
1249 1427 1457 1465 Caesarem

77 1505 115 1526 20
134 1489 304 1537 mittunt,
336 1504 417 1529 rem
448 1488 574 1542 [male]
614 1497 763 1540 gestam
804 1491 960 1537 docent,
1004 1498 1143 1540 petunt
1186 1498 1377 1540 orantque
1417 1498 1458 1528 ut

133 1555 211 1593 suis
241 1555 403 1593 fortunis
434 1557 602 1606 populus
633 1557 850 1602 Romanus,
886 1556 995 1605 quod
1025 1556 1126 1594 bene
1157 1555 1282 1593 meriti
1316 1563 1455 1602 essent,

131 1619 317 1658 auxilium
349 1621 471 1658 ferret.
532 1621 676 1659 Caesar
705 1634 841 1658 eorum
870 1620 1036 1659 consilio
1065 1621 1231 1670 probato
1263 1620 1456 1658 Marcium
1480 1636 1494 1656 2

133 1684 315 1734 Crispum
337 1684 537 1723 tribunum
567 1699 658 1723 cum
688 1686 850 1723 cohorte
879 1692 918 1723 et
948 1684 1152 1734 sagittariis
1173 1685 1457 1734 tormentisque

132 1750 400 1800 compluribus
430 1750 624 1800 praesidio
652 1751 886 1788 Thabenam
909 1749 1036 1787 mittit.
1097 1750 1250 1787 Eodem
1281 1757 1457 1798 tempore
1477 1764 1494 1794 3

75 1828 112 1859 25
132 1829 179 1854 ex
207 1814 425 1864 legionibus
455 1815 639 1853 omnibus
667 1814 808 1852 milites
835 1813 902 1864 qui
930 1821 996 1852 aut
1027 1814 1165 1851 morbo
1192 1813 1369 1863 impediti
1390 1821 1455 1851 aut

131 1886 354 1918 commeatu
393 1880 486 1917 dato
525 1893 615 1917 cum
657 1878 774 1928 signis
814 1892 894 1917 non
934 1885 1141 1928 potuerant
1175 1885 1266 1916 ante
1295 1878 1455 1916 transire

130 1944 170 1982 in
200 1944 371 1982 Africam
400 1945 451 1982 ad
481 1944 586 1982 milia
617 1956 692 1990 1111,
725 1943 875 1993 equites
905 1954 1015 1989 cccc,
1049 1942 1265 1980 funditores
1304 1942 1455 1991 sagitta-

130 2008 254 2058 riique
283 2009 389 2047 mille
422 2022 502 2046 uno
536 2016 760 2047 commeatu
792 2007 949 2046 Caesari
982 2013 1242 2045 occurrerunt.
1315 2007 1454 2055 Itaque
1473 2019 1492 2048 4

129 2087 220 2111 cum
250 2072 309 2111 his
339 2072 461 2123 copiis
492 2080 530 2111 et
559 2072 743 2111 omnibus
782 2071 1002 2121 legionibus
1041 2070 1203 2117 eductis,
1236 2070 1335 2108 sicut
1373 2078 1453 2109 erat

174 2187 194 2215 3
216 2177 258 2207 ad
275 2187 339 2208 om.
359 2178 382 2210 β
497 2187 534 2207 12
558 2186 665 2215 aquae
683 2175 835 2216 Lipsius:
862 2179 963 2214 atque
979 2173 1017 2204 X
1118 2184 1156 2214 14
1179 2174 1291 2213 vigilia
1306 2173 1361 2204 D:
1387 2185 1450 2206 om.

135 2218 208 2250 Tin
226 2230 345 2250 rasura
362 2231 369 2250 ε
393 2220 447 2250 die
465 2218 541 2249 L'V
644 2229 682 2258 15
702 2223 776 2259 post
792 2224 901 2249 castra
918 2218 992 2249 add.
1012 2218 1068 2248 die
1091 2217 1124 2249 T.
1146 2228 1198 2248 1111
1217 2217 1270 2248 die
1288 2217 1322 2247 D
1410 2229 1452 2249 20

129 2263 216 2293 male
233 2263 290 2293 del.
315 2262 469 2302 Woeffz'tz
488 2275 494 2293 :
517 2273 536 2292 a
553 2273 589 2293 se
610 2261 817 2293 Vascosanus
905 2272 944 2292 21
972 2272 1001 2300 p.
1024 2272 1050 2292 r.
1068 2262 1156 2301 quod
1174 2260 1214 2290 L'
1229 2273 1235 2291 ε
1261 2271 1292 2299 p.
1308 2271 1335 2291 r.
1352 2260 1430 2290 DT'
1445 2273 1451 2291 :

130 2306 274 2345 populus
294 2306 468 2337 Romanus
484 2316 549 2344 quo
567 2307 609 2336 de
626 2305 794 2345 K1k⁷ssling
891 2315 933 2344 23
957 2305 1127 2335 tribunum
1145 2315 1218 2335 cum
1237 2305 1375 2334 cohorte
1389 2303 1449 2333 L':

129 2350 234 2380 tribus
251 2359 323 2379 cum
341 2350 534 2380 cohortibus
547 2349 582 2380 D
597 2362 603 2381 :
627 2359 701 2380 cum
714 2348 909 2379 cohortibus
926 2348 1033 2379 tribus
1050 2348 1093 2378 T:
1121 2358 1195 2379 cum
1213 2347 1319 2378 tribus
1333 2348 1449 2377 cobor-

129 2392 217 2423 tibus
238 2392 269 2421 V
365 2402 404 2430 27
429 2393 461 2422 in
480 2403 543 2422 om,
567 2395 589 2426 β
694 2393 735 2422 28
760 2390 866 2431 mille]
885 2402 922 2422 00
937 2390 996 2422 L':
1023 2402 1062 2421 eo
1080 2391 1136 2421 D:
1160 2401 1226 2429 quo
1250 2390 1294 2420 T:
1320 2395 1358 2420 cst
1380 2389 1410 2418 V
