1705 2729
491 122 564 158 DE
596 121 777 159 BELLO
808 120 984 158 CIVILI
1018 119 1119 156 LIB.
1155 119 1219 155 III

192 233 346 284 scaphis
381 233 511 272 elicuit
545 232 653 270 navis
686 231 888 269 Laelianas
922 238 1039 279 atque
1074 244 1119 268 ex
1154 228 1212 266 his
1247 227 1399 278 longius
1434 241 1518 277 pro-

191 299 351 336 ductam
375 311 494 336 unam
522 297 845 347 quinqueremem
876 302 913 333 et
943 295 1111 333 minores
1139 296 1237 333 duas
1264 294 1303 332 in
1330 293 1517 343 angustiis

190 370 325 413 portus
350 362 462 412 cepit,
486 361 659 411 itemque
683 374 750 410 per
774 359 924 409 equites
952 359 1162 409 dispositos
1186 372 1288 408 aqua
1309 357 1516 408 prohibere

189 426 405 465 classiarios
426 426 601 464 instituit.
661 425 739 463 Sed
760 424 915 462 Laelius
936 432 1112 473 ternpore
1132 423 1225 461 anni
1245 423 1516 461 commodiore
1539 435 1557 465 3

150 502 167 533 5
190 505 282 529 usus
301 492 353 529 ad
370 491 632 541 navigandum
654 488 837 528 onerariis
858 488 1022 526 navibus
1036 489 1206 536 Corcyra
1221 487 1516 536 Dyrrachioque

187 569 331 605 aquam
359 556 437 594 suis
465 554 719 605 supportabat
746 567 874 602 neque
898 566 921 590 a
940 552 1142 601 proposito
1166 552 1433 590 deterrebatur
1452 565 1518 589 ne-

189 633 265 669 que
289 627 379 658 ante
406 619 597 669 proelium
625 618 663 655 in
685 616 888 655 Thessalia
915 618 1061 654 facturn
1088 616 1289 665 cognitum
1316 623 1383 653 aut
1409 615 1516 665 igno-

189 683 308 721 minia
337 684 565 721 amissarum
601 681 757 720 navium
792 689 859 719 aut
889 680 1192 719 necessariarum
1223 693 1350 718 rerum
1381 679 1516 730 inopia

188 762 234 786 ex
254 756 368 797 portu
389 748 594 797 insulaque
615 746 753 796 expelli
774 745 911 796 potuit.

132 825 168 845 10
243 813 376 850 Isdem
411 813 489 850 fere
519 811 760 861 temporibus
791 812 834 850 C.
865 810 1024 850 Cassius
1054 824 1144 848 cum
1177 812 1299 849 classe
1331 811 1514 859 Syrorum
1538 823 1602 850 101

188 884 226 914 et
257 876 500 915 Phoenicum
534 884 572 914 et
602 875 771 915 Cilicum
806 874 844 912 in
876 874 1045 913 Siciliam
1075 874 1180 913 venit
1215 883 1262 921 et,
1293 888 1383 912 cum
1413 881 1516 912 esset

188 940 365 979 Caesaris
396 940 528 979 classis
561 940 683 978 divisa
714 939 753 977 in
785 940 882 978 duas
913 939 1041 989 partis,
1068 939 1255 977 dimidiae
1285 938 1383 989 parti
1409 952 1516 989 prae-

187 1012 288 1043 esset
333 1007 372 1042 P.
416 1005 609 1054 Sulpicius
653 1012 806 1054 praetor
841 1003 998 1042 Vibone
1040 1005 1090 1042 ad
1135 1005 1285 1050 fretum,
1328 1003 1514 1042 dimidiae

190 1070 244 1106 M.
276 1068 517 1119 Pomponius
547 1070 597 1107 ad
627 1071 863 1114 Messanam,
888 1068 992 1117 prius
1018 1068 1176 1107 Cassius
1205 1069 1256 1106 ad
1288 1069 1513 1106 Messanam

130 1145 165 1177 15
188 1132 351 1171 navibus
385 1133 579 1171 advolavit
619 1146 737 1182 quam
774 1132 1016 1182 Pomponius
1050 1133 1100 1170 de
1135 1132 1216 1170 eius
1250 1133 1421 1170 adventu
1451 1146 1513 1170 co-

186 1204 399 1246 gnosceret,
417 1198 765 1247 perturbatumque
781 1211 871 1236 eum
886 1204 1023 1235 nactus
1044 1196 1158 1234 nullis
1180 1196 1367 1234 custodiis
1383 1210 1512 1246 neque
1536 1212 1549 1231 2

187 1261 388 1299 ordinibus
416 1261 539 1308 certis,
564 1275 706 1311 magno
727 1269 844 1300 vento
871 1269 908 1300 et
936 1262 1111 1299 secundo
1140 1262 1353 1310 completas
1381 1274 1513 1299 onera-

186 1325 259 1364 rias
293 1326 400 1364 navis
431 1327 546 1364 taeda
575 1334 612 1364 et
642 1326 729 1376 pice
759 1333 796 1364 et
826 1333 967 1376 stuppa
1000 1325 1236 1375 reliquisque
1266 1326 1381 1364 rebus
1411 1338 1512 1375 quae

187 1397 275 1428 sunt
303 1391 354 1428 ad
384 1390 567 1429 incendia
596 1390 636 1428 in
664 1390 978 1440 Pomponianam
1010 1392 1175 1429 classem
1205 1389 1365 1427 immisit
1393 1397 1512 1440 atque

129 1468 168 1489 20
186 1454 313 1493 omnis
343 1454 451 1493 navis
480 1454 656 1493 incendit
685 1467 813 1502 xxxv,
837 1469 858 1493 e
885 1455 1028 1504 quibus
1059 1462 1167 1493 erant
1194 1466 1252 1492 xx
1280 1462 1511 1495 constratae.

186 1520 416 1568 Tantusque
442 1533 490 1557 eo
517 1521 620 1558 facto
647 1519 762 1558 timor
782 1519 939 1558 incessit
960 1527 1012 1566 ut,
1036 1533 1126 1558 cum
1155 1527 1256 1557 esset
1283 1519 1383 1570 legio
1407 1533 1499 1570 prae
1533 1533 1551 1563 3

185 1582 285 1622 sidio
314 1585 531 1630 Messanae,
555 1583 617 1621 vix
646 1583 839 1633 oppidum
868 1585 1154 1630 defenderetur,
1182 1591 1229 1630 et,
1250 1583 1323 1622 nisi
1351 1597 1399 1623 eo
1423 1585 1506 1634 ipso

185 1654 361 1698 ternpore
388 1647 549 1697 quidam
577 1648 702 1686 nuntii
732 1649 782 1687 de
810 1648 986 1687 Caesaris
1013 1648 1174 1687 victoria
1203 1662 1271 1698 per
1300 1648 1513 1698 dispositos

186 1712 336 1761 equites
371 1720 500 1750 essent
528 1712 643 1759 allati,
676 1712 951 1751 existimabant
984 1712 1158 1763 plerique
1190 1714 1362 1752 futurum
1392 1714 1511 1753 fuisse

128 1789 165 1820 25
186 1775 241 1813 uti
261 1776 510 1814 amitteretur.
560 1778 638 1816 Sed
658 1777 988 1827 opportunissime
1009 1777 1154 1815 nuntiis
1175 1777 1298 1816 allatis
1319 1778 1510 1828 oppidum
1530 1793 1549 1822 4

185 1841 255 1878 fuit
272 1842 495 1889 defensum;
521 1841 759 1891 Cassiusque
779 1843 829 1880 ad
847 1841 1112 1892 Sulpicianam
1133 1842 1225 1881 inde
1246 1844 1409 1881 classem
1427 1857 1511 1893 pro-

184 1906 307 1943 fectus
335 1914 392 1944 est
408 1905 617 1952 Vibonem,
640 1905 924 1956 applicatisque
950 1906 1091 1945 nostris
1114 1908 1165 1945 ad
1186 1915 1324 1945 terrain
1345 1907 1508 1946 navibus

183 1978 340 2020 propter
359 1972 530 2009 eundern
551 1971 731 2009 timorem
752 1971 833 2021 pari
854 1979 972 2021 atque
995 1979 1111 2010 antea
1130 1972 1279 2010 ratione
1308 1970 1484 2024 [egerunt
1499 1988 1508 2020 3

183 2033 358 2087 Cassius]
371 2037 588 2074 secundum
602 2044 739 2074 nactus
753 2044 912 2074 ventum
928 2036 1121 2075 onerarias
1135 2036 1242 2074 navis
1258 2035 1423 2088 [circiter
1435 2036 1506 2090 XL]

229 2147 268 2167 10
292 2138 328 2168 C.
351 2138 510 2168 Ursinus:
534 2149 599 2169 om.
618 2137 655 2167 X
767 2149 803 2177 13
827 2139 959 2169 Vibone
976 2139 1109 2170 Aldus:
1134 2139 1264 2169 Vibone
1305 2150 1357 2169 em
1374 2138 1453 2178 DL)
1472 2138 1511 2168 X

187 2189 225 2218 19
249 2180 305 2220 ad]
325 2186 403 2219 apta
420 2182 461 2211 ad
480 2181 520 2210 L'
676 2182 941 2220 Pomponianam
960 2193 993 2213 r:
1020 2183 1258 2221 Pompeianam
1273 2181 1310 2211 X
1464 2193 1506 2213 20

183 2228 376 2254 constratae
392 2223 499 2255 D‘T':
540 2221 611 2255 rost
630 2230 821 2256 constratae
843 2225 893 2256 U:
930 2230 1195 2256 rosteefl-stratae
1212 2226 1240 2255 L
1257 2237 1264 2256 z
1297 2230 1463 2256 rostratae
1479 2225 1512 2255 F

183 2275 224 2304 23
250 2276 310 2305 per
326 2267 506 2306 dispositos
522 2278 587 2298 om.
608 2267 637 2297 L
769 2270 811 2298 26
835 2267 912 2308 suit]
930 2273 982 2299 est
997 2269 1173 2308 szfierdey
1297 2279 1336 2307 27
1362 2269 1501 2309 nostris]

184 2310 289 2339 nostri
303 2310 495 2351 Oudendotp
593 2312 635 2341 28
659 2316 803 2350 egerunt
821 2312 956 2342 Cassius
972 2312 1028 2342 dcl.
1045 2311 1170 2348 Dz'ntcr⁷
1191 2312 1250 2351 qm'
1261 2312 1354 2342 verba
1370 2312 1504 2342 circiter

184 2361 226 2381 XL
237 2356 312 2392 post
328 2354 466 2384 navibus
484 2355 606 2395 reponit
736 2365 776 2394 29
802 2355 938 2386 Cassius
955 2357 995 2389 B:
1022 2356 1224 2394 Cassiusque
1241 2355 1285 2385 D'
