1705 2729
453 168 525 204 DE
558 167 736 205 BELLO
766 166 975 204 AFRICO
1006 167 1176 203 LIBER

154 276 206 314 ab
244 275 381 313 ultimo
419 277 518 313 colle
556 275 727 325 turrique
765 274 846 322 fuit,
883 288 983 324 quae
1021 274 1195 324 proxima
1233 274 1303 312 fuit
1341 274 1474 313 castris

154 339 472 386 adversariorum,
499 339 537 377 in
562 353 639 389 qua
668 339 785 378 docui
815 352 898 377 esse
923 339 1159 389 praesidium
1189 338 1475 388 stationemque

155 403 427 450 Numidarum,
469 405 612 443 Caesar
653 403 847 453 paulisper
889 410 1152 441 commoratus
1195 410 1476 453 perspectaque

154 475 291 506 natura
321 468 397 506 loci
428 468 601 517 equitatu
633 468 672 505 in
707 467 873 506 statione
906 467 1096 517 disposito
1128 467 1345 516 legionibus
1376 480 1476 516 opus

117 547 133 577 5
153 532 327 570 attribuit
358 532 664 582 bracchiumque
697 532 829 570 medio
863 532 953 581 iugo
987 533 1037 570 ab
1071 545 1118 570 eo
1152 533 1239 569 loco
1273 533 1323 569 ad
1357 544 1474 580 quem

153 603 380 646 pervenerat
400 610 523 646 usque
550 598 599 635 ad
624 610 714 635 eum
734 597 840 635 unde
860 609 1035 646 egressus
1062 604 1141 634 erat
1162 595 1269 633 iubet
1290 595 1409 645 derigi
1429 609 1475 633 ac

153 660 304 698 muniri.
369 662 490 709 Quod
520 668 729 711 postquam
764 660 895 710 Scipio
926 659 1202 709 Labienusque
1235 659 1475 697 animadver—
1495 675 1513 705 3

153 731 287 771 terant,
321 724 494 774 equitatu
529 725 637 763 omni
669 738 716 763 ex
753 724 886 762 castris
925 725 1068 762 educto
1106 724 1268 773 acieque
1306 725 1475 773 equestri

153 788 339 827 instructa
366 803 390 827 a
418 790 496 827 suis
526 789 810 827 munitionibus
845 789 995 827 circiter
1023 802 1159 838 passus
1190 789 1295 826 mille
1324 801 1475 838 progre-

99 866 134 887 10
153 853 312 891 diuntur
332 855 632 904 pedestremque
652 853 807 903 copiam
828 853 867 890 in
889 854 1062 891 secunda
1081 852 1164 891 acie
1189 852 1317 890 minus
1338 866 1474 903 passus

153 929 252 956 CCCC
271 931 294 956 a
313 918 446 956 castris
466 918 544 956 suis
565 918 819 956 constituunt.

206 984 350 1022 Caesar
380 983 419 1021 in
453 996 570 1033 opere
604 983 745 1021 milites
778 982 974 1021 adhortari
1006 996 1133 1033 neque
1166 982 1473 1020 adversariorum
1495 992 1548 1030 39

152 1046 274 1097 copiis
308 1047 464 1086 moveri.
529 1048 613 1085 Iam
653 1061 743 1085 cum
782 1061 861 1085 non
899 1047 1066 1097 amplius
1100 1060 1236 1097 passus
1276 1059 1337 1084 MD
1376 1047 1475 1085 inter
1497 1061 1512 1082 2

151 1111 322 1149 hostium
360 1111 484 1150 aciem
528 1125 695 1161 suasque
739 1111 976 1150 munitiones
1016 1125 1100 1150 esse
1138 1111 1474 1149 animadvertisset

97 1187 131 1218 ¹5
151 1174 480 1225 intellexissetque
513 1177 563 1213 ad
598 1175 871 1225 impediendos
907 1175 1046 1214 milites
1080 1188 1171 1213 suos
1205 1183 1243 1213 et
1273 1175 1324 1213 ab
1358 1189 1474 1225 opere

150 1241 405 1290 depellendos
437 1242 590 1279 hostem
624 1241 783 1290 propius
821 1242 1008 1279 accedere
1042 1253 1280 1290 necesseque
1314 1240 1473 1279 haberet

149 1304 321 1354 legiones
349 1317 372 1342 a
398 1304 681 1343 munitionibus
715 1306 921 1351 deducere,
957 1304 1120 1354 imperat
1151 1312 1300 1343 turmae
1333 1305 1473 1355 Hispa-

148 1380 288 1406 norum
319 1377 360 1407 ut
391 1370 441 1407 ad
471 1369 689 1419 proximum
724 1371 863 1407 collem
898 1382 1061 1419 propere
1095 1376 1339 1407 occurrerent
1368 1382 1473 1418 prae-

147 1433 370 1483 sidiumque
398 1434 490 1473 inde
518 1435 770 1473 deturbarent
796 1436 1006 1484 locumque
1032 1442 1225 1484 caperent,
1252 1435 1473 1483 eodemque

91 1508 129 1530 ²0
148 1496 255 1536 iubet
276 1498 369 1537 levis
395 1506 612 1537 armaturae
633 1512 779 1549 paucos
804 1498 992 1548 consequi
1017 1498 1203 1536 subsidio.
1264 1498 1343 1546 Qui
1365 1498 1470 1535 missi
1492 1515 1508 1544 3

147 1562 320 1601 celeriter
347 1564 541 1602 Numidas
572 1564 697 1602 adorti
728 1563 865 1614 partim
896 1563 1003 1601 vivos
1033 1563 1202 1613 capiunt,
1233 1576 1312 1601 non
1343 1564 1471 1601 nullos

146 1628 296 1677 equites
336 1628 517 1678 fugientis
556 1630 932 1679 convulneraverunt
970 1630 1180 1677 locumque
1222 1635 1312 1665 sunt
1346 1627 1468 1677 potiti.

146 1693 360 1742 Postquam
390 1693 429 1732 id
461 1693 657 1732 Labienus
694 1693 977 1740 animadvertit,
1018 1706 1097 1742 quo
1134 1692 1295 1730 celerius
1325 1692 1379 1731 eis
1408 1706 1472 1730 au-
1490 1706 1509 1736 4

146 1756 278 1795 xilium
313 1758 436 1804 ferret,
470 1771 516 1796 ex
548 1757 632 1796 acie
666 1757 853 1796 instructa
883 1756 1077 1807 equitatus
1112 1756 1169 1794 sui
1197 1770 1318 1807 prope
1344 1764 1470 1795 totum

89 1831 126 1863 25
145 1821 323 1859 dextrum
353 1835 475 1860 cornu
506 1822 641 1860 avertit
671 1829 788 1872 atque
818 1821 895 1860 suis
925 1821 1161 1871 fugientibus
1190 1820 1387 1871 suppetias
1417 1821 1471 1860 ire

145 1886 359 1925 contendit.
419 1888 539 1936 Quod
570 1887 636 1925 ubi
664 1888 808 1926 Caesar
836 1885 1038 1936 conspexit
1066 1885 1285 1923 Labienum
1314 1887 1364 1924 ab
1392 1886 1469 1924 suis
1491 1896 1506 1926 5

145 1950 267 2000 copiis
291 1950 443 2001 longius
468 1951 544 1989 iam
568 1951 813 1998 abscessisse,
836 1950 1030 2000 equitatus
1061 1949 1118 1987 sui
1145 1951 1245 1987 alam
1277 1949 1468 1987 sinistram

144 2015 194 2053 ad
214 2015 531 2054 intercludendos
551 2015 673 2054 hostis
695 2015 863 2054 immisit.

201 2081 293 2118 Erat
322 2080 361 2118 in
396 2093 443 2118 eo
477 2094 618 2130 campo
649 2080 715 2119 ubi
746 2094 791 2119 ea
820 2094 878 2118 res
907 2081 1112 2130 gerebatur
1140 2079 1229 2117 villa
1258 2093 1468 2130 permagna
1485 2093 1539 2130 40

84 2152 126 2181 30
144 2143 311 2182 turribus
351 2157 412 2182 1111
453 2152 672 2193 exstructa3
719 2158 820 2194 quae
859 2145 1023 2183 Labieni
1062 2152 1311 2195 prospectum
1351 2145 1469 2195 impe-

143 2207 286 2254 diebat,
309 2222 358 2247 ne
379 2217 509 2259 posset
529 2209 704 2248 animum
731 2211 930 2248 advertere
957 2211 1006 2248 ab
1031 2209 1204 2259 equitatu
1227 2209 1403 2248 Caesaris
1427 2223 1468 2248 se

186 2311 208 2340 6
231 2311 337 2350 derigi
358 2311 451 2342 U'T:
475 2313 574 2352 dirigi
590 2311 737 2343 DLF2V
868 2323 889 2351 9
912 2312 1018 2353 mille]
1036 2323 1074 2343 00
1094 2311 1153 2343 L‘:
1180 2323 1218 2343 co
1235 2313 1312 2342 DT‘
1430 2315 1467 2343 18

144 2358 179 2384 ut
195 2352 271 2384 LF:
297 2358 371 2385 ante
387 2359 517 2386 turmae
533 2356 625 2386 habet
640 2355 692 2386 D:
717 2366 784 2386 om.
805 2355 877 2386 UT'
1041 2361 1255 2385 accurrerent
1272 2355 1313 2384 L'
1427 2366 1467 2385 22

144 2396 252 2427 locum
273 2396 360 2428 DT:
386 2398 460 2429 loco
479 2397 555 2428 L'V
683 2409 727 2438 30
751 2399 915 2429 instructa
935 2398 965 2428 V

187 2460 277 2481 CAEs.
297 2461 375 2483 ΑΓΚ.
1341 2453 1379 2482 15
