1705 2729
569 180 805 218 INCERTI
837 179 1116 218 AVCTORIS

178 305 257 329 non
287 291 392 329 enim
423 291 532 328 labor
565 298 630 327 aut
664 289 859 340 vigilantia
891 289 1062 339 cupienti
1098 289 1321 339 praesertim
1352 290 1500 340 aliquid

178 355 315 393 Cassio
342 356 485 393 deerat.

106 422 156 460 52
233 419 413 457 Exercitu
453 426 591 458 coacto
624 419 663 457 in
697 432 820 457 unum
859 420 990 458 locum
1025 419 1158 457 castris
1191 420 1242 458 ad
1272 420 1500 458 Cordubam

177 484 312 534 positis
347 497 418 533 pro
456 484 642 522 contione
680 483 870 522 militibus
908 483 1067 533 exponit
1101 497 1198 533 quas
1234 497 1294 522 res
1324 484 1501 523 Caesaris

178 549 282 585 iussu
302 561 433 597 gerere
452 549 624 595 deberet,
647 548 931 598 polliceturque
951 548 1016 595 eis,
1039 561 1129 586 cum
1153 548 1192 585 in
1215 548 1500 586 Mauretaniam
1521 555 1538 585 5

177 612 399 659 traiecisset,
428 612 625 650 sestertios
653 618 819 650 centenos
844 626 886 650 se
912 613 1093 650 daturum
1108 627 1118 659 3
1147 612 1326 662 quintam
1353 614 1435 651 fore
1461 612 1501 650 in

140 688 155 708 2
179 677 373 726 Hispania
414 677 620 727 legionem.
681 678 741 714 Ex
787 676 972 715 contione
1011 690 1051 715 se
1090 677 1318 715 Cordubam
1356 677 1501 728 recepit

176 755 303 791 eoque
333 741 418 791 ipso
447 741 512 779 die
541 749 719 790 tempore
752 740 1071 791 postmeridiano,
1104 754 1195 779 curn
1229 741 1269 778 in
1300 741 1501 780 basilicam

176 805 256 852 iret,
286 805 447 855 quidam
480 805 682 843 Minucius
709 805 789 844 Silo
816 805 936 843 cliens
961 807 1004 843 L.
1029 805 1154 843 Racili
1181 805 1367 852 libellum,
1390 806 1501 856 quasi

174 870 322 919 aliquid
355 871 405 908 ab
440 883 487 908 eo
521 871 745 920 postularet,
779 877 822 908 ut
855 870 966 908 miles
999 870 1035 908 ei
1068 870 1193 917 tradit,
1230 870 1374 909 deinde
1411 879 1500 920 post
1522 886 1561 910 10

178 934 521 973 Racilium—nam
556 934 587 972 is
617 935 718 972 latus
745 934 857 973 Cassi
886 935 1106 984 tegebat—,
1129 935 1239 984 quasi
1268 948 1499 985 responsum

175 1007 334 1049 peteret,
375 999 550 1038 celeriter
588 1000 682 1037 dato
724 1000 813 1038 loco
855 1013 946 1038 cum
984 1013 1026 1038 se
1063 999 1307 1047 insinuasset,
1349 999 1501 1038 sinistra

138 1080 154 1109 3
176 1063 332 1114 corripit
369 1077 549 1102 aversum
588 1064 802 1113 dextraque
840 1063 900 1102 bis
938 1064 1024 1102 ferit
1064 1063 1245 1114 pugione.
1319 1065 1501 1103 Clamore

177 1130 330 1167 sublato
378 1129 419 1166 fit
466 1141 489 1166 a
536 1127 748 1166 coniuratis
795 1127 966 1177 impetus
1019 1128 1217 1168 universis.
1296 1128 1500 1166 Munatius

177 1194 338 1230 Flaccus
370 1192 591 1242 proximum
622 1191 754 1242 gladio
785 1192 910 1230 traicit
943 1192 1146 1240 lictorem3
1188 1194 1265 1232 hoc
1296 1192 1499 1231 interfecto
1525 1208 1559 1240 ¹5

136 1271 157 1302 4
178 1258 225 1305 Q.
259 1256 439 1296 Cassium
479 1259 649 1307 legatum
679 1258 864 1294 vulnerat.
927 1257 988 1296 Ibi
1018 1259 1063 1294 T.
1087 1257 1228 1295 Vasius
1257 1264 1295 1296 et
1325 1259 1368 1295 L.
1400 1259 1501 1296 Mer-

176 1323 275 1360 cello
309 1321 424 1359 simili
459 1320 700 1359 confidentia
731 1322 927 1368 Flaccum,
959 1321 1198 1371 municipem
1233 1335 1358 1369 suum,
1395 1323 1501 1361 adiu-

176 1393 290 1424 vant:
321 1393 429 1424 erant
450 1386 555 1424 enim
577 1398 714 1424 omnes
737 1385 974 1424 Italicenses.
1034 1387 1099 1424 Ad
1125 1386 1253 1436 ipsum
1276 1386 1500 1437 Longinum

176 1452 218 1488 L.
256 1450 430 1489 Licinius
466 1450 636 1500 Squillus
675 1450 821 1489 involat
861 1450 1133 1501 iacentemque
1166 1451 1317 1490 levibus
1353 1451 1500 1490 sauciat

174 1515 306 1565 plagis.
1521 1526 1561 1548 20

104 1585 155 1623 53
229 1579 483 1619 Concurritur
521 1580 571 1618 ad
611 1579 791 1618 Cassium
830 1580 1152 1619 defendendum:
1203 1594 1356 1632 semper
1393 1581 1498 1620 enirn

177 1646 349 1682 Berones
388 1643 680 1694 complurisque
717 1651 900 1683 evocatos
939 1658 1029 1683 cum
1068 1646 1154 1684 telis
1188 1659 1322 1685 secum
1356 1647 1500 1685 habere

138 1726 153 1746 2
176 1716 391 1747 consuerat.
451 1711 487 1746 A
511 1708 654 1758 quibus
689 1708 806 1747 ceteri
834 1709 1146 1748 intercluduntur
1169 1711 1235 1760 qui
1262 1712 1313 1749 ad
1337 1712 1499 1749 caedem

176 1774 395 1812 faciendam
421 1774 761 1823 subsequebantur
775 1788 784 1821 3
814 1787 894 1823 quo
918 1775 957 1812 in
981 1788 1146 1814 numero
1172 1775 1242 1813 fuit
1264 1775 1499 1826 Calpurnius

139 1851 156 1881 3
177 1838 379 1876 Salvianus
400 1845 437 1876 et
460 1837 646 1875 Manilius
667 1839 873 1876 Tusculus.
935 1839 1135 1878 Minucius
1160 1840 1259 1878 inter
1284 1854 1375 1878 saxa
1398 1853 1499 1890 quae
1520 1856 1558 1887 ²5

176 1902 355 1941 iacebant
389 1903 428 1940 in
471 1902 606 1940 itinere
644 1903 796 1953 fugiens
835 1904 1067 1954 opprimitur
1105 1912 1142 1943 et
1176 1906 1297 1944 relato
1335 1906 1499 1944 domurn

176 1967 314 2005 Cassio
329 1968 380 2005 ad
396 1980 485 2005 eum
508 1966 724 2005 deducitur.
786 1968 959 2006 Racilius
981 1968 1020 2006 in
1041 1969 1257 2019 proximam
1274 1983 1315 2007 se
1335 1970 1499 2007 domum

176 2031 372 2069 familiaris
402 2030 460 2068 sui
488 2031 648 2077 confert,
672 2032 767 2069 dum
795 2039 944 2070 certum
969 2041 1221 2082 cognosceret
1246 2035 1500 2072 confectusne

137 2108 152 2134 4
175 2095 333 2134 Cassius
355 2102 465 2133 esset.
517 2097 560 2132 L.
586 2095 816 2142 Laterensis,
840 2109 929 2134 cum
951 2096 991 2134 id
1011 2111 1091 2135 non
1113 2097 1318 2144 dubitaret,
1336 2097 1500 2136 accurrit

217 2201 238 2229 6
262 2199 440 2229 sestercios
472 2198 600 2229 DIJ‘V:
641 2204 805 2230 centenos
836 2200 911 2231 add.
944 2200 1035 2232 edat:
1077 2203 1232 2232 sestertia
1265 2208 1401 2232 centum
1433 2202 1496 2233 cod.

174 2242 283 2273 Pelav.
301 2254 306 2272 :
333 2242 489 2272 sestertia
508 2242 651 2272 EL²Aaz
683 2244 913 2273 sestertiorum
936 2244 965 2273 T
1048 2256 1068 2283 9
1092 2245 1181 2275 racili
1199 2245 1322 2275 bellum
1343 2244 1374 2274 V
1462 2255 1501 2276 10

176 2286 275 2316 tradit
293 2285 423 2315 DUL2:
451 2286 589 2316 tradidit
608 2284 687 2315 L¹T
773 2297 809 2325 13
827 2297 980 2317 aversum
997 2287 1212 2328 Oudendozp:
1231 2299 1364 2318 versum
1377 2288 1497 2319 D'FT:

175 2339 272 2359 verso
291 2329 373 2359 LU:
401 2339 494 2359 usum
515 2328 547 2357 V
666 2339 702 2367 14
728 2330 909 2360 universus
931 2330 966 2360 T'
1083 2333 1120 2361 16
1144 2331 1307 2362 Mercello
1324 2332 1496 2362 Huebner:

177 2372 343 2411 Mergelio
360 2372 412 2402 D:
445 2371 612 2410 Mergerio
629 2373 681 2402 E:
715 2372 871 2412 Mer-gilio
887 2375 910 2407 β
1065 2384 1104 2412 25
1128 2374 1295 2405 Tusculus
1322 2375 1410 2405 L‘T:
1443 2375 1498 2404 Ti-

175 2416 289 2446 sculus
306 2415 369 2445 D':
395 2414 543 2445 Tuculus
569 2415 601 2444 V
730 2418 772 2446 26
796 2417 961 2447 iaciebant
984 2417 1026 2446 D'
1152 2428 1193 2457 29
1220 2418 1254 2449 L.
1282 2418 1346 2449 cod.
1373 2417 1495 2449 Petav..

178 2465 202 2488 A
222 2460 307 2488 infra
330 2468 459 2488 versus:
486 2469 549 2489 om.
570 2457 608 2488 X
