1705 2729
386 168 460 204 DE
492 167 670 205 BELLO
703 167 1064 204 HISPANIENSI
1096 168 1266 205 LIBER

162 278 431 325 incenderunt,
450 277 595 316 idcirco
616 279 724 327 quod
739 284 899 315 ventum
916 277 1104 327 oppidani
1126 279 1342 316 secundum
1365 280 1484 317 habu-

160 349 283 379 erunt.
341 342 570 391 Insequenti
591 343 678 379 luce
703 341 990 379 materfamilias
1011 343 1062 380 de
1084 355 1194 380 muro
1222 356 1263 380 se
1284 343 1425 381 deiecit
1445 351 1483 382 et
1502 361 1518 389 3

158 406 210 444 ad
226 418 297 443 nos
314 405 490 444 transiliit
505 405 679 455 dixitque
695 419 736 443 se
753 418 842 443 curn
856 405 1001 443 familia
1017 405 1277 444 constitutum
1298 407 1483 445 habuisse

159 477 201 507 ut
230 483 308 508 una
337 471 620 520 transfugerent
645 471 696 508 ad
723 471 957 517 Caesarem,-
986 469 1092 508 illam
1123 484 1349 520 oppressam
1371 479 1408 509 et
1429 471 1482 509 iu-

120 545 136 575 5
156 535 337 583 gulatam.
400 536 492 572 Hoc
521 541 719 584 praeterea
754 541 931 583 tempore
964 535 1132 572 tabellae
1166 536 1216 572 de
1248 549 1359 572 muro
1391 543 1519 582 sunt4

157 597 343 645 deiectae,
373 598 412 636 in
439 598 582 647 quibus
609 597 795 647 scriptum
822 605 880 636 est
908 597 1140 635 inventum:
1173 600 1238 636 ‘L.
1276 599 1479 637 Munatius

157 661 324 700 Caesari.
384 661 423 700 Si
453 662 547 699 mihi
574 662 692 699 vitam
719 661 876 708 tribues,
899 661 1086 710 quoniam
1113 662 1164 699 ab
1192 664 1263 701 Cn.
1288 663 1479 712 Pompeio

155 738 242 763 sum
269 726 454 772 desertus,
489 727 644 775 qualem
676 738 738 763 me
763 725 816 762 illi
843 725 1015 775 praestiti
1050 725 1116 763 tali
1147 725 1287 764 virtute
1318 734 1356 764 et
1390 740 1479 765 con-

155 790 296 828 stantia
324 792 497 828 futurum
524 804 587 828 me
607 789 646 827 in
667 797 705 828 te
729 803 814 828 esse
837 791 1068 840 praestabo.⁷
1126 792 1278 829 Eodem
1303 799 1478 841 tempore
1497 808 1513 838 5

101 866 136 886 10
154 854 342 904 oppidani
371 855 485 905 legati
515 855 581 904 qui
609 863 725 893 antea
751 855 922 894 exierant
952 857 1160 894 Caesarem
1194 856 1397 895 adierunt:
1446 857 1475 895 si

153 918 227 956 sibi
256 919 374 956 vitam
401 921 645 966 concederet,
678 933 762 957 sese
795 919 1016 970 insequenti
1050 922 1137 958 luce
1171 920 1362 970 oppidum
1392 934 1476 959 esse

152 983 365 1021 dedituros.
437 984 592 1032 Quibus
623 984 823 1034 respondit
850 998 891 1022 se
927 986 1134 1024 Caesarem
1162 999 1246 1023 esse
1276 986 1475 1035 fidemque
1495 994 1514 1025 6

151 1055 445 1096 praestaturum.
507 1050 567 1086 Ita
586 1056 676 1087 ante
696 1048 801 1087 diem
826 1060 881 1086 xl.
908 1050 995 1087 Kal.
1022 1050 1134 1087 Mart.
1159 1049 1307 1099 oppido
1328 1050 1473 1099 potitus

151 1110 361 1161 imperator
381 1119 439 1150 est
459 1115 684 1162 appellatus.

95 1188 130 1220 15
206 1177 326 1224 Quod
375 1177 587 1226 Pompeius
623 1190 671 1216 ex
718 1178 886 1227 perfugis
925 1192 1015 1216 cum
1054 1177 1299 1216 deditionem
1338 1178 1473 1228 oppidi
1493 1190 1546 1218 20

150 1241 292 1278 factam
321 1254 407 1279 esse
436 1241 582 1288 scisset,
605 1249 729 1280 castra
759 1242 879 1280 movit
910 1242 1085 1281 Ucubim
1115 1256 1246 1281 versus
1268 1251 1305 1281 et
1326 1243 1472 1281 circum

149 1318 195 1343 ea
237 1307 324 1344 loca
362 1308 520 1345 castella
559 1307 751 1356 disposuit
790 1315 827 1345 et
868 1308 1152 1346 munitionibus
1193 1322 1234 1347 se
1273 1308 1473 1346 continere

149 1369 305 1419 coepit.
338 1401 345 1408 .
379 1400 386 1408 .
419 1372 562 1410 Caesar
583 1372 703 1410 movit
733 1380 771 1410 et
799 1372 959 1421 propius
989 1381 1112 1410 castra
1139 1373 1273 1411 castris
1294 1373 1468 1411 contulit.

146 1435 304 1473 Eodem
334 1442 510 1485 tempore
535 1450 650 1475 mane
679 1437 861 1475 loricatus
886 1451 988 1475 unus
1015 1451 1061 1475 ex
1084 1437 1238 1486 legione
1264 1439 1471 1476 vernacula
1492 1450 1507 1471 2

90 1511 130 1533 20
146 1501 197 1537 ad
244 1513 316 1537 nos
370 1500 571 1550 transfugit
627 1509 665 1539 et
712 1501 903 1539 nuntiavit
960 1501 1193 1551 Pompeium
1250 1501 1470 1551 oppidanos

148 1565 372 1603 Ucubensis
401 1579 639 1604 convocasse
668 1566 802 1615 eisque
832 1566 884 1604 ita
912 1566 1172 1616 imperavisse,
1198 1574 1241 1604 ut
1271 1566 1469 1617 diligentia

144 1628 321 1667 adhibita
349 1630 615 1679 perquirerent
644 1630 711 1679 qui
747 1638 876 1668 essent
907 1644 1064 1668 suarum
1098 1630 1267 1680 partium
1295 1630 1468 1680 itemque

143 1693 451 1732 adversariorum
479 1694 661 1733 victoriae
688 1697 866 1733 fautores.
938 1697 1030 1734 Hoc
1058 1696 1266 1745 praeterito
1291 1704 1468 1745 tempore
1487 1710 1504 1739 3

144 1756 184 1794 in
208 1757 355 1807 oppido
380 1760 488 1807 quod
517 1759 588 1796 fuit
617 1766 775 1808 captum
800 1772 930 1797 servus
956 1766 1013 1797 est
1039 1772 1202 1809 prensus
1223 1760 1262 1797 in
1284 1759 1466 1798 cuniculo

87 1834 123 1865 25
144 1834 260 1870 quem
291 1835 406 1872 supra
434 1823 788 1861 demonstravimus
818 1823 1020 1862 dominam
1052 1824 1267 1874 iugulasse:
1301 1824 1332 1862 is
1357 1824 1465 1863 vivus

143 1893 201 1923 est
221 1886 460 1925 combustus.
522 1888 715 1937 Idemque
744 1888 929 1938 temporis
950 1888 1198 1926 centuriones
1219 1887 1368 1926 loricati
1388 1899 1462 1926 v111
1483 1902 1502 1931 4

141 1950 192 1987 ad
214 1950 421 1989 Caesarem
448 1953 735 2001 transfugerunt
764 1965 810 1990 ex
839 1952 992 2002 legione
1016 1954 1232 1999 vernacula,
1256 1960 1293 1990 et
1313 1952 1463 2002 equites

141 2014 261 2052 nostri
282 2028 372 2053 cum
392 2016 699 2054 adversariorum
721 2016 917 2066 equitibus
938 2016 1134 2066 congressi
1162 2023 1262 2063 sunt,
1285 2024 1323 2054 et
1343 2017 1462 2055 saucii

139 2079 289 2129 aliquot
323 2080 551 2119 occiderunt
583 2081 657 2119 levi
687 2089 889 2119 armatura.
964 2083 1021 2118 Ea
1053 2088 1168 2118 nocte
1200 2083 1462 2130 speculatores
1483 2094 1498 2124 5

83 2154 123 2185 3ο
140 2144 268 2193 prensi
296 2145 393 2182 servi
414 2158 460 2183 111
482 2154 519 2184 et
540 2159 640 2183 unus
661 2159 707 2184 ex
728 2146 879 2195 legione
900 2147 1115 2184 vernacula.
1175 2145 1281 2184 Servi
1309 2154 1397 2183 sunt
1422 2145 1461 2183 in

139 2221 295 2246 crucem
316 2209 467 2256 sublati,
493 2209 602 2247 militi
624 2209 792 2248 cervices
813 2210 997 2248 abscisae.

186 2322 198 2341 1
226 2311 447 2342 incenderunt
469 2312 613 2342 DL'T2:
655 2313 877 2344 incenderent
908 2312 943 2342 T'
1126 2314 1147 2342 6
1171 2313 1343 2343 Munatius
1367 2312 1458 2342 L‘T:

141 2353 312 2384 Manutius
331 2354 377 2385 V:
405 2355 577 2386 MutiusD
666 2366 682 2394 7
708 2356 825 2386 tribuis
837 2356 871 2386 D
964 2357 1001 2386 16
1019 2356 1162 2386 Ucubim
1174 2355 1211 2385 X
1290 2365 1408 2386 versus
1427 2361 1459 2385 et

138 2402 159 2427 λ
175 2409 182 2428 2
207 2407 323 2428 versus
341 2403 392 2429 set
408 2397 436 2427 L
452 2410 458 2428 :
484 2409 601 2429 versus
618 2400 678 2429 sed
689 2403 754 2429 cell.
847 2409 887 2438 25
912 2400 1096 2440 dominam]
1116 2400 1287 2430 dominum
1301 2398 1328 2427 L
1419 2408 1460 2437 29

137 2440 232 2470 verba
251 2440 382 2471 Ea—21
406 2445 419 2478 ξ
443 2451 455 2471 1
477 2447 644 2473 armatura
662 2453 727 2472 om.
748 2443 781 2472 D
913 2453 948 2481 3¹
976 2443 1070 2473 militi
1089 2444 1157 2473 Δδ;
1191 2443 1352 2473 militibus
1369 2441 1404 2471 X
