1705 2729
429 147 503 183 Ι)Ε
535 146 714 185 BELLO
744 147 955 185 AFRICO
986 148 1156 184 LIBER

128 264 314 306 coeptum
340 264 398 294 est
424 255 516 303 fieri,
539 256 664 306 primo
688 256 837 307 impetu
864 256 1062 306 legionum
1084 257 1278 308 equitatus
1300 267 1337 295 et
1358 258 1451 296 levis

127 328 317 358 armatura
340 321 512 359 hostium
533 323 641 359 nullo
661 320 819 370 negotio
840 322 929 359 loco
948 323 1060 371 pulsa
1086 329 1123 359 et
1151 321 1303 360 deiecta
1323 330 1380 360 est
1401 323 1451 361 de

125 386 235 423 colle.
296 386 398 424 Cum
428 385 505 423 iam
535 387 679 424 Caesar
698 384 954 423 existimasset
980 385 1103 423 hostis
1133 387 1266 435 pulsos
1296 386 1450 424 deterri·
1472 402 1491 432 4

126 456 264 499 tosque
294 450 413 487 finem
442 449 659 488 lacessendi
697 450 867 487 facturos
898 456 935 487 et
970 449 1041 488 iter
1074 458 1261 500 coeptum
1292 463 1448 500 pergere

87 525 103 555 5
125 513 327 563 coepisset,
362 513 501 553 iterum
532 513 707 552 celeriter
739 527 786 552 ex
819 513 1004 563 proximis
1039 514 1205 553 collibus
1240 522 1449 564 erumpunt

123 585 241 627 atque
271 579 408 616 eadem
439 577 587 616 ratione
616 592 693 628 qua
718 586 809 616 ante
834 577 913 616 dixi
943 577 981 615 in
1010 578 1186 618 Caesaris
1216 578 1447 628 legionarios

123 641 313 692 impetum
334 642 480 680 faciunt
502 642 700 681 Numidae
726 642 901 693 levisque
930 651 1125 681 armatura
1153 643 1319 682 mirabili
1346 645 1447 682 velo-

122 706 238 745 citate
258 707 434 758 praediti,
452 707 517 757 qui
535 707 634 746 inter
654 707 805 757 equites
822 709 1051 758 pugnabant
1072 716 1109 746 et
1130 722 1208 746 una
1228 708 1446 759 pariterque

123 785 212 809 cum
244 772 441 822 equitibus
470 786 670 811 accurrere
701 780 739 811 et
770 774 945 822 refugere
978 781 1272 811 consueverant.
1344 775 1443 812 Cum
1469 786 1486 815 5

66 852 103 874 10
122 837 197 874 hoc
218 836 372 887 saepius
388 839 558 875 facerent
578 845 617 876 et
636 837 920 888 proficiscentis
942 838 1115 876 Iulianos
1137 838 1444 888 insequerentur,

120 902 337 950 refugerent
375 901 563 949 instantis,
600 902 759 952 propius
797 916 878 940 non
916 904 1149 941 accederent
1188 910 1226 941 et
1264 902 1445 952 singulari

118 978 259 1014 genere
275 979 429 1016 pugnae
445 974 644 1005 uterentur
667 981 870 1017 equosque
890 966 1026 1005 iaculis
1047 969 1327 1006 convulnerare
1354 967 1444 1005 satis

119 1043 203 1068 esse
235 1030 509 1078 existimarent,
546 1032 690 1071 Caesar
723 1031 912 1070 intellexit
941 1032 1038 1070 nihil
1072 1032 1179 1071 aliud
1214 1046 1281 1070 eos
1313 1032 1443 1070 conari

118 1093 191 1132 nisi
212 1103 254 1133 ut
275 1109 315 1134 se
336 1103 520 1145 cogerent
544 1103 668 1134 castra
689 1109 737 1134 eo
757 1097 846 1135 loco
871 1109 1018 1147 ponere
1045 1096 1113 1135 ubi
1134 1096 1298 1135 omnino
1318 1110 1443 1145 aquae

61 1175 97 1207 15
117 1158 213 1197 nihil
230 1167 341 1207 esset,
360 1168 402 1198 ut
422 1160 611 1199 exercitus
632 1160 794 1208 ieiunus,
814 1160 880 1211 qui
901 1175 923 1199 a
944 1169 1081 1212 quarta
1100 1161 1228 1211 vigilia
1249 1175 1372 1211 usque
1392 1163 1442 1200 ad

116 1225 253 1263 horam
275 1237 312 1263 Χ.
337 1224 415 1264 diei
436 1225 532 1263 nihil
552 1233 755 1275 gustasset,
777 1239 823 1264 ac
844 1226 1019 1264 iumenta
1039 1226 1100 1264 siti
1121 1225 1299 1276 perirent.

170 1290 272 1328 Cum
294 1289 370 1328 iam
390 1290 441 1328 ad
461 1289 552 1328 solis
576 1303 760 1328 occasum
782 1298 893 1338 esset,
917 1298 955 1329 et
976 1303 1056 1329 non
1077 1298 1180 1329 totos
1202 1302 1225 1329 C
1245 1304 1380 1340 passus
1401 1291 1439 1329 in
1462 1304 1514 1343 70

116 1353 220 1391 horis
243 1366 303 1391 1111
327 1361 427 1392 esset
447 1367 683 1404 progressus,
706 1354 881 1405 equitatu
906 1368 977 1394 suo
998 1362 1155 1406 propter
1176 1369 1365 1405 equorum
1388 1355 1441 1393 in-

116 1417 271 1456 teritum
293 1425 466 1457 extremo
486 1419 641 1469 agmine
669 1427 821 1458 remoto
849 1419 1023 1470 legiones
1044 1419 1082 1458 in
1104 1419 1230 1458 vicem
1250 1422 1301 1459 ad
1322 1428 1441 1458 extre-

58 1497 97 1519 20
116 1495 223 1520 mum
244 1496 385 1533 agmen
405 1484 604 1522 evocabat.
666 1486 726 1523 Ita
746 1484 824 1522 vim
853 1484 1025 1523 hostium
1050 1484 1204 1535 placide
1224 1484 1440 1535 leniterque
1465 1500 1479 1520 2

114 1548 331 1597 procedens
361 1562 429 1598 per
457 1548 711 1599 legionarium
737 1549 901 1587 militem
931 1549 1179 1588 commodius
1210 1549 1436 1588 sustinebat.

115 1612 277 1650 Interim
304 1612 480 1663 equitum
501 1613 764 1652 Numidarum
789 1614 927 1663 copiae
952 1615 1087 1652 dextra
1111 1614 1342 1664 sinistraque
1373 1628 1441 1665 per
1463 1625 1480 1655 3

112 1677 222 1715 collis
257 1691 503 1727 praecurrere
534 1691 782 1729 coronaeque
816 1678 855 1716 in
890 1680 1054 1717 modum
1084 1678 1238 1729 cingere
1271 1679 1441 1717 multitu-

112 1740 205 1779 dine
236 1755 305 1779 sua
342 1740 518 1781 Caesaris
552 1742 696 1792 copias,
732 1756 808 1793 par:
850 1756 991 1792 agmen
1023 1750 1238 1781 extremum
1274 1743 1436 1794 insequi.

55 1821 92 1851 25
113 1805 290 1844 Caesaris
311 1805 465 1844 interim
493 1820 573 1844 non
593 1807 760 1856 amplius
792 1819 837 1845 111
863 1815 929 1845 aut
955 1820 1017 1845 1111
1047 1807 1188 1846 milites
1211 1808 1381 1846 veterani
1408 1808 1439 1846 si
1458 1823 1477 1853 4

111 1883 152 1908 se
173 1871 456 1909 convertissent
477 1879 515 1910 et
535 1871 612 1922 pila
633 1871 778 1910 viribus
798 1879 977 1910 contorta
998 1872 1037 1910 in
1061 1872 1257 1911 Numidas
1278 1872 1439 1912 infestos

110 1934 380 1983 coniecissent,
403 1936 570 1987 amplius
591 1938 713 1975 duum
736 1936 886 1974 milium
915 1950 1080 1975 numero
1106 1938 1158 1975 ad
1186 1951 1307 1975 unum
1335 1945 1440 1988 terga

109 2000 312 2038 vertebant
349 2015 394 2039 ac
429 2015 557 2039 rursus
591 2003 641 2040 ad
674 2001 799 2041 aciem
836 2001 980 2052 passim
1022 2001 1219 2040 conversis
1254 2002 1364 2052 equis
1398 2017 1439 2041 se

109 2064 344 2114 colligebant
378 2073 496 2116 atque
535 2066 574 2104 in
614 2067 739 2117 spatio
776 2068 1120 2118 consequebantur
1159 2074 1198 2105 et
1235 2066 1361 2105 iacula
1398 2067 1437 2105 in

50 2141 90 2173 30
107 2129 339 2179 legionarios
360 2131 590 2170 coiciebant.
651 2134 712 2171 Ita
733 2134 876 2172 Caesar
898 2134 1018 2172 modo
1041 2133 1295 2182 procedendo
1316 2134 1437 2171 modo
1457 2148 1474 2179 5

108 2193 325 2234 resistendo
345 2195 490 2235 tardius
511 2196 647 2235 itinere
674 2199 856 2236 confecto
881 2197 1007 2236 noctis
1039 2198 1135 2236 hora
1164 2197 1289 2248 prima
1309 2197 1436 2236 omnis

151 2308 170 2327 2
194 2302 383 2328 armaturae
400 2300 422 2330 Β
573 2310 607 2330 11
636 2300 801 2331 instantes
817 2300 884 2332 cod.
905 2300 1025 2341 Scaltjg.
1042 2312 1048 2330 τ
1076 2305 1208 2332 stantes
1228 2300 1265 2331 X
1399 2311 1436 2331 12

107 2341 440 2415 ggpoesdflloffrtzann:
466 2352 527 2373 eos
542 2341 580 2372 X
692 2345 729 2374 18
754 2344 844 2374 horis
869 2354 922 2375 1111
940 2343 1070 2375 DL‘V:
1096 2345 1211 2376 horam
1231 2355 1284 2376 1111
1310 2345 1356 2376 T:
1382 2354 1435 2375 1111

1286 2466 1345 2495 16*
