1705 2729
490 144 563 180 DE
594 143 774 180 BELLO
804 143 979 181 CIVILI
1012 143 1114 180 LIB.
1148 145 1189 180 II

179 264 281 297 vero,
304 264 393 289 cum
419 252 626 290 Caesarem
650 252 700 289 ad
729 250 942 288 Massiliam
964 251 1129 289 detineri
1149 253 1343 301 cognovit,
1366 254 1498 303 copias

180 314 305 353 Petrei
335 328 424 353 cum
454 314 622 352 exercitu
652 314 786 352 Afrani
815 328 899 352 esse
928 314 1168 361 coniunctas,
1190 329 1331 366 magna
1359 318 1500 355 auxilia

178 379 418 426 convenisse,
438 392 579 429 magna
599 392 683 417 esse
704 379 742 416 in
764 392 832 429 spe
852 386 970 428 atque
986 380 1199 430 exspectari
1220 388 1258 419 et
1279 382 1498 420 consentire

177 456 337 482 omnem
368 442 585 481 citeriorem
616 442 867 492 provinciam,
901 456 1080 493 quaeque
1110 451 1247 493 postea
1276 444 1499 484 acciderant

140 523 157 554 5
177 508 227 546 de
255 506 441 556 angustiis
461 508 512 545 ad
537 508 706 545 Ilerdam
727 506 781 545 rei
801 507 1073 545 frumentariae
1092 508 1243 558 accepit
1263 516 1381 558 atque
1402 511 1499 548 haec

176 573 227 610 ad
265 585 355 610 eum
394 571 506 610 latius
548 579 665 621 atque
704 571 873 609 inflatius
912 572 1095 610 Afranius
1142 573 1416 623 perscribebat,
1457 588 1499 612 se

176 649 335 686 quoque
354 637 405 674 ad
426 643 555 674 motus
576 637 753 674 fortunae
777 649 933 675 movere
954 637 1093 687 coepit.

222 702 419 741 Dilectum
433 703 569 740 habuit
585 710 666 741 tota
679 702 1117 753 provincia,legionibus
1125 704 1330 753 completis
1344 705 1498 743 duabus
1517 706 1561 744 18

176 765 345 805 cohortis
375 765 525 804 circiter
553 778 641 803 XXX
671 766 807 805 alarias
836 767 999 806 addidit.
1071 768 1271 807 Frumenti
1310 782 1497 818 magnum

118 849 157 871 10
175 844 381 869 numerum
413 830 549 880 coegit,
577 832 686 881 quod
719 831 1043 879 Massiliensibus,
1070 832 1163 870 item
1195 834 1303 882 quod
1334 833 1497 872 Afranio

176 894 408 944 Petreioque
429 895 608 934 mitteret.
670 895 790 934 Navis
817 897 952 946 longas
979 909 1006 934 X
1037 896 1242 936 Gaditanis
1263 905 1305 935 ut
1326 898 1497 935 facerent

173 958 386 1008 imperavit,
435 960 646 1009 compluris
698 969 896 1010 praeterea
953 959 1026 1014 [in]
1086 961 1241 1011 Hispali
1298 961 1496 1000 faciendas

172 1024 329 1062 curavit.
400 1024 612 1063 Pecuniam
642 1038 801 1064 omnem
829 1026 1040 1075 omniaque
1069 1034 1299 1065 ornamenta
1330 1040 1375 1065 ex
1404 1028 1496 1065 fano
1518 1043 1532 1064 2

175 1088 357 1127 Herculis
395 1088 434 1126 in
473 1089 663 1139 oppidum
707 1089 829 1128 Gadis
877 1090 1069 1138 contulit3
1115 1104 1163 1129 eo
1211 1104 1277 1129 sex
1324 1090 1496 1129 cohortis

118 1163 152 1195 15
173 1152 340 1203 praesidi
378 1166 495 1192 causa
532 1167 578 1192 ex
615 1154 815 1204 provincia
852 1155 956 1193 misit
991 1155 1214 1205 Gaiumque
1255 1155 1493 1203 Gallonium,

171 1217 344 1267 equitem
370 1219 607 1265 Romanum,
632 1218 859 1257 familiarem
885 1219 1048 1266 Domiti,
1071 1219 1138 1269 qui
1159 1233 1206 1258 eo
1227 1221 1496 1270 procurandae

171 1282 394 1321 hereditatis
415 1296 532 1321 causa
552 1290 709 1322 venerat
730 1283 870 1323 missus
890 1297 912 1322 a
934 1283 1122 1331 Domitio,
1145 1283 1295 1334 oppido
1317 1284 1495 1323 Gadibus

170 1347 354 1397 praefecit
368 1362 378 1395 3
406 1360 513 1385 arma
533 1347 666 1386 omnia
686 1347 833 1397 privata
852 1361 897 1386 ac
918 1348 1076 1399 publica
1095 1348 1134 1386 in
1156 1349 1319 1387 domum
1337 1348 1495 1387 Galloni

170 1411 345 1450 contulit.
406 1413 497 1462 Ipse
517 1411 653 1450 habuit
673 1412 797 1462 gravis
813 1412 852 1450 in
869 1414 1077 1452 Caesarem
1095 1413 1310 1452 contiones.
1370 1415 1494 1463 Saepe
1516 1426 1533 1455 3

114 1490 153 1512 20
171 1490 217 1515 ex
247 1476 429 1515 tribunali
461 1477 698 1526 praedicavit
735 1478 897 1516 adversa
928 1479 1136 1518 Caesarem
1168 1477 1315 1527 proelia
1344 1478 1492 1525 fecisse,

170 1554 355 1591 magnum
382 1555 588 1580 numerum
618 1542 668 1580 ab
695 1555 742 1581 eo
770 1542 937 1580 militum
963 1543 1013 1580 ad
1034 1541 1236 1580 Afranium
1268 1541 1494 1591 perfugisse,

170 1605 266 1643 haec
282 1619 322 1644 se
338 1605 452 1644 certis
473 1605 629 1653 nuntiis,
653 1606 766 1645 certis
785 1606 1009 1646 auctoribus
1030 1606 1277 1656 comperisse.
1337 1606 1492 1655 Quibus
1512 1622 1531 1652 4

170 1670 284 1708 rebus
305 1670 524 1720 perterritos
545 1670 638 1709 civis
662 1672 866 1710 Romanos
894 1671 976 1709 eius
1003 1670 1225 1720 provinciae
1246 1670 1320 1708 sibi
1339 1671 1390 1708 ad
1411 1684 1492 1709 rem

170 1733 369 1783 publicam
393 1734 743 1774 administrandam
770 1736 840 1774 HS
867 1746 1007 1773 CLXXX
1035 1742 1072 1773 et
1099 1734 1244 1784 argenti
1272 1735 1408 1784 pondo
1434 1746 1492 1772 XX

113 1807 151 1838 25
172 1797 286 1845 milia,
328 1798 441 1837 tritici
481 1799 658 1838 modium
697 1811 780 1838 CXX
822 1799 926 1837 milia
965 1798 1138 1848 polliceri
1172 1798 1309 1848 coegit.
1383 1799 1492 1847 Quas
1512 1812 1529 1843 5

171 1863 327 1903 Caesari
348 1877 432 1903 esse
452 1865 596 1903 amicas
617 1864 791 1904 civitates
811 1864 1078 1910 arbitrabatur,
1101 1863 1160 1901 his
1181 1863 1355 1913 graviora
1374 1876 1494 1901 onera

169 1927 396 1978 iniungebat
416 1929 687 1979 praesidiaque
713 1942 761 1968 eo
782 1929 1005 1968 deducebat
1033 1936 1071 1967 et
1100 1927 1245 1966 iudicia
1264 1927 1303 1965 in
1324 1927 1493 1978 privatos

168 1992 357 2031 reddebat
370 2007 381 2041 3
409 1992 476 2043 qui
491 1994 609 2033 verba
623 2001 741 2044 atque
759 1993 977 2032 orationem
992 1994 1177 2032 adversus
1197 2006 1278 2031 rem
1294 1991 1493 2042 publicam

169 2056 408 2105 habuissent,
423 2071 558 2097 eorum
576 2059 680 2098 bona
695 2058 734 2097 in
751 2058 953 2108 publicum
966 2058 1186 2097 addicebat.
1246 2056 1492 2095 Provinciam

113 2132 153 2163 30
170 2133 330 2160 omnem
368 2122 408 2160 in
446 2136 516 2161 sua
549 2130 587 2162 et
619 2123 784 2173 Pompei
811 2124 929 2162 verba
960 2123 1018 2162 ius
1051 2122 1258 2161 iurandum
1297 2121 1489 2171 adigebat.

211 2224 233 2254 6
256 2224 483 2264 perscribebat
498 2224 563 2254 D':
589 2225 749 2264 prae(pre
768 2224 816 2255 L:
844 2227 864 2264 1‘)
886 2224 1144 2265 UT¹)scribebat
1160 2225 1183 2257 β
1285 2234 1302 2262 7
1322 2228 1431 2254 motus
1448 2225 1491 2257 B:

169 2271 261 2297 motu
277 2265 323 2297 D'
489 2277 511 2307 9
536 2267 709 2298 Frumenti
728 2290 734 2298 .
753 2291 760 2299 .
781 2290 789 2298 .
806 2268 957 2298 mitteret
973 2278 1038 2299 om.
1057 2268 1089 2298 E
1238 2277 1272 2297 11
1302 2267 1437 2297 Petreio
1455 2277 1492 2297 r:

171 2309 333 2350 Pompeio
356 2309 395 2340 X
525 2320 563 2341 12
588 2311 622 2342 in
645 2311 713 2342 secl.
738 2310 914 2341 Manutius
1050 2321 1087 2348 14
1113 2309 1216 2341 Gadis
1239 2309 1304 2339 D‘:
1339 2310 1452 2340 Gades
1469 2311 1492 2344 β

170 2362 211 2391 23
232 2354 433 2393 perterritos
446 2353 511 2386 L²z
537 2354 738 2394 perterritus
751 2353 893 2385 D'L'V:
917 2354 1068 2393 pertritis
1090 2353 1120 2384 T
1219 2363 1259 2391 24
1286 2352 1347 2384 HS
1361 2352 1490 2383 Aldus:

171 2395 211 2426 ch
228 2395 316 2428 codd.
448 2406 490 2436 25
513 2398 661 2429 modium
678 2396 938 2428 Hotomanus:
965 2397 1094 2427 modios
1111 2394 1148 2426 X
