1705 2729
525 120 599 156 DE
630 118 810 155 BELLO
840 118 1017 156 CIVILI
1050 118 1152 155 LIB.
1188 119 1204 154 I

202 229 341 268 relictis
381 227 606 267 cohortibus
649 236 790 267 exeunt
828 235 1014 278 rectoque
1051 229 1101 267 ad
1143 227 1338 267 Hiberum
1386 227 1522 266 itinere

204 294 458 332 contendunt.

256 360 348 396 Erat
386 357 425 395 in
464 358 659 396 celeritate
698 371 815 396 omne
854 357 1025 407 positum
1057 364 1265 404 certamen,
1303 356 1377 395 utri
1416 357 1521 407 prius
1543 360 1595 399 70

200 421 396 471 angustias
436 422 659 470 montisque
696 429 933 471 occuparent
951 436 959 468 ;
1002 422 1071 459 sed
1102 420 1312 459 exercitum
1345 421 1522 460 Caesaris

164 499 180 529 5
200 485 348 523 viarum
396 485 642 523 difficultates
690 485 906 531 tardabant,
948 484 1083 522 Afrani
1141 484 1273 534 copias
1326 484 1520 533 equitatus

202 548 377 587 Caesaris
407 548 616 598 insequens
656 549 889 586 morabatur.
951 550 1030 586 Res
1061 556 1192 586 tamen
1222 549 1272 586 ab
1302 547 1523 586 Afranianis
1547 564 1561 584 2

201 614 277 650 huc
320 621 399 651 erat
434 613 652 651 necessario
693 614 863 651 deducta
902 621 954 659 ut,
991 613 1022 650 si
1061 612 1206 662 priores
1246 612 1390 651 montis
1425 626 1524 662 quos

201 678 386 727 petebant
417 677 643 727 attigissent,
678 677 749 727 ipsi
784 678 1000 727 periculum
1033 677 1207 723 vitarent,
1243 676 1525 726 impedimenta

202 741 319 778 totius
349 741 537 779 exercitus
569 741 819 790 cohortisque
846 741 885 778 in
918 740 1051 779 castris
1083 741 1235 779 relictas
1267 754 1416 779 servare
1446 754 1525 779 non

147 817 182 838 10
202 812 387 854 possent3
417 805 559 854 quibus
580 804 797 844 interclusis
827 805 996 843 exercitu
1025 805 1202 844 Caesaris
1233 805 1418 843 auxilium
1440 804 1525 843 ferri

202 870 307 906 nulla
336 868 484 907 ratione
514 876 673 918 poterat.
734 869 915 908 Confecit
946 869 1048 919 prior
1076 869 1146 907 iter
1173 870 1317 908 Caesar
1343 876 1461 918 atque
1481 883 1527 907 ex
1547 881 1564 910 3

202 932 350 983 magnis
372 933 532 982 rupibus
547 940 683 971 nactus
698 933 898 983 planitiem
916 933 955 970 in
977 934 1049 971 hac
1071 940 1206 971 contra
1227 934 1380 971 hostem
1402 932 1526 971 aciem

201 997 362 1035 instruit.
438 997 630 1044 Afranius,
665 1011 754 1035 cum
793 998 843 1036 ab
883 997 1058 1047 equitatu
1091 997 1347 1036 novissimum
1386 1011 1527 1047 agmen

202 1069 448 1110 premeretur,
472 1069 562 1100 ante
584 1075 624 1100 se
646 1063 798 1100 hostem
821 1061 978 1108 videret,
1004 1063 1144 1100 collem
1168 1063 1365 1111 quendam
1390 1069 1526 1100 nactus

145 1124 254 1171 15ibi
294 1126 477 1164 constitit.
557 1128 614 1163 Ex
653 1139 700 1164 eo
738 1127 826 1164 loco
876 1138 937 1163 1111
979 1133 1237 1164 caetratorum
1278 1126 1449 1164 cohortis
1488 1126 1563 1169 in4

202 1198 387 1237 montem,
432 1190 497 1240 qui
539 1198 618 1228 erat
661 1190 700 1227 in
749 1198 964 1240 conspectu
1007 1190 1184 1228 omnium
1229 1190 1524 1237 excelsissimus,

202 1256 327 1294 mittit.
389 1257 512 1293 Hunc
547 1268 689 1305 magno
721 1268 835 1293 cursu
863 1254 1079 1293 concitatos
1110 1255 1218 1293 iubet
1243 1268 1446 1305 occupare,
1479 1268 1527 1294 eo

201 1320 363 1359 consilio
405 1320 460 1358 uti
505 1319 586 1369 ipse
630 1321 770 1358 eodem
811 1319 995 1358 omnibus
1037 1319 1159 1369 copiis
1200 1320 1456 1358 contenderet
1490 1326 1527 1358 et

202 1392 350 1423 mutato
390 1384 526 1422 itinere
566 1383 663 1434 iugis
703 1385 939 1434 Octogesam
980 1383 1207 1433 perveniret.
1284 1385 1406 1422 Hunc
1436 1397 1525 1422 cum
1547 1397 1564 1427 5

143 1462 181 1483 20
200 1449 361 1499 obliquo
405 1449 540 1487 itinere
593 1448 750 1487 caetrati
795 1455 981 1498 peterent,
1033 1448 1282 1497 conspicatus
1331 1448 1526 1498 equitatus

201 1513 376 1553 Caesaris
403 1513 443 1551 in
468 1513 639 1552 cohortis
669 1512 859 1562 impetum
892 1512 1010 1559 facit3
1040 1526 1112 1550 nec
1143 1512 1345 1550 minimam
1377 1520 1525 1562 partem

200 1577 385 1628 temporis
403 1577 578 1627 equitum
595 1576 674 1615 vim
691 1576 848 1615 caetrati
870 1576 1059 1615 sustinere
1076 1584 1288 1626 potuerunt
1309 1590 1526 1626 omnesque

198 1643 248 1681 ab
302 1642 356 1681 eis
408 1641 661 1680 circumventi
718 1641 757 1678 in
814 1648 1028 1690 conspectu
1077 1641 1278 1691 utriusque
1335 1641 1524 1680 exercitus

199 1705 490 1744 interficiuntur.

142 1783 178 1814 25
254 1773 347 1808 Erat
369 1770 524 1809 occasio
541 1771 641 1809 bene
656 1771 850 1821 gerendae
866 1770 930 1808 rei.
990 1772 1132 1820 Neque
1147 1770 1295 1809 veroid
1312 1772 1519 1810 Caesarem
1541 1776 1583 1814 71

198 1836 370 1886 fugiebat
401 1843 510 1874 tanto
543 1836 615 1874 sub
650 1837 774 1875 oculis
809 1843 973 1886 accepto
1008 1835 1245 1874 detrimento
1276 1835 1520 1885 perterritum

198 1900 409 1939 exercitum
448 1900 638 1939 sustinere
681 1914 762 1939 non
801 1914 927 1950 posse,
969 1900 1195 1950 praesertim
1238 1899 1522 1938 circumdatum

197 1965 372 2015 undique
402 1965 588 2015 equitatu,
621 1979 711 2004 cum
740 1966 779 2003 in
811 1967 898 2004 loco
926 1979 1055 2015 aequo
1080 1973 1199 2015 atque
1227 1973 1363 2015 aperto
1393 1966 1525 2004 confli-

197 2038 371 2080 geretur3
422 2030 542 2080 idque
582 2044 628 2069 ex
662 2030 846 2069 omnibus
888 2030 1062 2080 partibus
1101 2031 1152 2068 ab
1186 2044 1234 2069 eo
1266 2029 1520 2080 flagitabatur.

140 2104 180 2134 30
199 2095 495 2133 Concurrebant
527 2094 652 2144 legati,
695 2094 943 2133 centuriones
984 2094 1208 2144 tribunique
1242 2094 1433 2132 militum:
1473 2108 1523 2133 ne
1545 2107 1559 2128 2

196 2158 390 2197 dubitaret
429 2159 620 2208 proelium
666 2159 921 2198 committere.
1000 2159 1190 2198 Omnium
1230 2172 1314 2197 esse
1353 2158 1520 2197 militum

243 2271 280 2291 12
304 2262 366 2292 hae
388 2261 612 2292 Vascosanus:
637 2262 723 2292 hanc
740 2260 777 2291 Χ
882 2272 919 2300 14
944 2266 1022 2292 ante
1040 2263 1081 2295 B:
1109 2266 1142 2292 et
1159 2265 1237 2291 ante
1255 2261 1300 2291 D'
1422 2270 1462 2299 25
1488 2261 1519 2291 id

196 2303 304 2335 D'L²:
332 2305 419 2335 idern
436 2307 458 2338 β
591 2315 631 2343 27
657 2305 874 2345 praesertim]
893 2305 1092 2344 praesertim
1112 2315 1185 2335 cum
1203 2305 1248 2334 D'
1380 2306 1420 2334 28
1446 2314 1520 2334 cum

195 2349 217 2381 β
234 2358 241 2377 :
265 2352 332 2377 tum
350 2348 394 2378 D'
484 2358 525 2386 29
548 2347 596 2387 id]
614 2348 701 2378 idem
726 2348 815 2387 quod
830 2347 903 2379 lzab.
925 2350 947 2382 β
961 2348 994 2377 in
1012 2359 1031 2378 v
1058 2358 1098 2386 25
1116 2349 1163 2378 lzic
1182 2348 1293 2388 reponi
1303 2348 1404 2388 possit
