1705 2729
559 111 793 149 INCERTI
826 111 1107 149 AVC'I‘ORIS

169 221 273 258 navit
303 222 352 260 ad
388 221 582 260 duriorem
618 235 750 259 casum
792 229 966 267 reservat,
1001 221 1241 271 superiorum
1275 230 1493 271 temporum

130 302 145 330 5
170 284 367 322 dissimilis
415 287 710 335 Euphranorem
760 286 1077 335 prosequebatur.
1156 287 1259 323 Nam
1307 299 1396 323 cum
1444 286 1494 322 ad

169 351 377 399 Canopum
404 357 563 388 ventum
594 357 695 388 esset
724 350 990 399 instructaque
1020 349 1215 399 utrimque
1244 349 1376 387 classis
1406 363 1495 387 con-

168 413 327 451 flixisset
357 422 395 452 et
430 428 499 452 sua
532 414 819 452 consuetudine
855 416 1088 464 Euphranor
1122 413 1267 463 primus
1304 413 1494 463 proelium

169 477 431 516 commisisset
452 486 489 516 et
514 479 800 528 quadriremem
828 479 999 517 hostium
1029 479 1259 528 perforasset
1279 492 1324 516 ac
1348 479 1495 516 demer-
1515 488 1532 519 5

170 541 291 587 sisset,
330 542 546 591 proximam
581 543 734 592 longius
774 543 972 581 insecutus
1012 556 1145 592 parum
1187 541 1361 580 celeriter
1399 541 1496 580 inse-

129 615 146 645 6
170 605 382 655 quentibus
412 607 568 656 reliquis
599 607 887 645 circumventus
917 614 974 645 est
1004 608 1053 645 ab
1075 606 1359 645 Alexandrinis.
1419 606 1494 646 Cui

170 670 389 708 subsidium
418 685 536 710 nemo
566 671 662 717 tulit,
687 671 766 709 sive
796 673 903 721 quod
934 671 972 708 in
1002 671 1086 721 ipso
1108 671 1198 708 satis
1229 670 1395 720 praesidi
1425 684 1495 721 pro

169 734 308 773 virtute
338 749 383 773 ac
413 735 596 774 felicitate
626 736 708 774 eius
739 743 919 785 putarent
949 749 1043 781 esse,
1071 735 1150 773 sive
1181 736 1288 784 quod
1319 734 1390 784 ipsi
1421 734 1493 773 sibi

170 799 371 837 timebant.
434 802 502 846 Ita,
528 800 593 849 qui
621 814 721 837 unus
750 814 795 838 ex
823 799 1007 837 omnibus
1035 814 1082 837 eo
1110 799 1257 849 proelio
1286 800 1386 838 bene
1415 813 1493 837 rem
1518 809 1555 832 ¹0

168 863 295 913 gessit,
321 865 425 902 solus
448 878 537 902 cum
560 878 629 902 sua
650 863 885 914 quadriremi
908 863 1064 902 victrice
1086 864 1192 913 perit.

94 920 147 957 26
223 929 304 966 Sub
337 928 440 966 idem
473 936 626 978 tempus
660 928 908 966 Mithridates
940 930 1213 977 Pergamenus,
1241 942 1402 978 magnae
1430 942 1495 967 no-

170 992 328 1030 bilitatis
359 993 465 1031 domi
498 993 761 1043 scientiaeque
786 993 825 1030 in
855 994 957 1031 bello
988 1001 1025 1031 et
1055 992 1214 1038 virtutis,
1248 993 1338 1031 fidei
1374 993 1495 1043 digni-

169 1056 336 1106 tatisque
364 1057 402 1094 in
427 1057 598 1095 amicitia
620 1057 806 1103 Caesaris,
831 1056 971 1094 missus
999 1056 1038 1094 in
1066 1057 1213 1106 Syriam
1237 1057 1495 1107 Ciliciamque

169 1121 280 1160 initio
308 1121 398 1160 belli
424 1121 678 1160 Alexandrini
706 1123 755 1160 ad
783 1121 925 1159 auxilia
952 1123 1194 1168 arcessenda,
1224 1135 1313 1160 cum
1346 1122 1494 1172 magnis
1519 1132 1552 1163 15

168 1185 302 1235 copiis,
332 1199 429 1235 quas
453 1186 628 1224 celeriter
655 1194 691 1224 et
719 1185 1023 1236 propensissima
1052 1185 1266 1224 civitatium
1295 1187 1494 1225 voluntate

168 1258 205 1288 et
227 1264 296 1288 sua
315 1250 517 1300 diligentia
537 1251 768 1296 confecerat,
788 1249 923 1288 itinere
944 1249 1124 1299 pedestri,
1147 1264 1227 1299 quo
1247 1250 1495 1300 coniungitur

131 1331 144 1352 2
168 1317 369 1365 Aegyptus
395 1315 535 1364 Syriae,
564 1315 762 1353 Pelusium
792 1314 977 1353 adducit:
1012 1315 1132 1364 idque
1161 1314 1352 1365 oppidum
1383 1316 1495 1354 firmo

168 1379 362 1429 praesidio
392 1388 627 1430 occupatum
658 1379 836 1418 Achillae
870 1387 1026 1429 propter
1055 1379 1387 1429 opportunitatem
1419 1380 1495 1418 loci

170 1458 393 1495 ——namque
417 1452 499 1484 tota
523 1447 723 1495 Aegyptus
754 1444 948 1483 maritimo
975 1458 1134 1483 accessu
1160 1445 1297 1491 Pharo,
1324 1444 1494 1494 pedestri
1516 1462 1553 1484 20

170 1509 325 1548 Pelusio
345 1511 451 1548 velut
471 1509 646 1548 claustris
667 1509 818 1548 munita
838 1509 1140 1556 existimatur—,
1164 1517 1322 1559 repente
1344 1508 1508 1560 magnis*

168 1573 452 1612 circumdatum
480 1574 604 1624 copiis
632 1573 836 1624 multiplici
863 1573 1057 1623 praesidio
1083 1572 1330 1623 pertinaciter
1355 1588 1495 1625 propu-

167 1638 378 1687 gnantibus
400 1646 436 1677 et
457 1638 657 1688 copiarum
680 1637 961 1687 magnitudine,
980 1651 1076 1687 quas
1097 1637 1264 1688 integras
1285 1637 1495 1678 vulneratis

167 1702 408 1752 defessisque
447 1702 676 1749 subiciebat,
710 1709 747 1740 et
780 1702 1065 1752 perseverantia
1098 1703 1396 1755 constantiaque
1430 1719 1495 1756 op-

167 1766 369 1816 pugnandi
389 1780 469 1817 quo
489 1767 553 1805 die
574 1774 631 1805 est
651 1779 852 1816 aggressus
879 1766 918 1804 in
947 1781 1057 1806 suam
1085 1769 1232 1819 redegit
1259 1776 1493 1819 potestatem
1514 1786 1551 1818 25

129 1850 145 1880 3
167 1832 484 1882 praesidiumque
523 1831 577 1870 ibi
611 1845 725 1869 suum
759 1832 974 1870 collocavit.
1047 1836 1146 1873 Inde
1180 1848 1219 1873 re
1253 1835 1355 1873 bene
1387 1842 1496 1884 gesta

168 1898 454 1935 Alexandream
475 1898 525 1935 ad
547 1898 754 1936 Caesarem
780 1898 984 1937 contendit
1005 1899 1212 1950 omnisque
1233 1913 1298 1938 eas
1318 1899 1495 1950 regiones

166 1974 233 2010 per
260 1975 356 2010 quas
381 1961 452 1999 iter
477 1960 645 1999 faciebat
674 1962 904 2001 auctoritate
933 1977 979 2002 ea
1009 1978 1109 2014 quae
1133 1965 1364 2014 plerumque
1383 1965 1495 2002 adest

166 2025 301 2063 victori
322 2033 477 2075 pacarat
498 2033 615 2075 atque
637 2026 675 2064 in
697 2027 910 2066 amicitiam
933 2029 1108 2068 Caesaris
1128 2030 1337 2078 redegerat.

96 2096 146 2134 27
221 2092 351 2128 Locus
390 2098 447 2128 est
485 2092 563 2128 fere
603 2092 804 2142 regionum
841 2093 991 2131 illarum
1024 2093 1291 2131 nobilissimus
1325 2107 1405 2132 non
1440 2093 1493 2132 ita
1511 2110 1553 2142 30

210 2204 228 2232 5
253 2193 502 2232 quadriremem
523 2194 692 2225 Dnebncr:
720 2195 765 2225 illi
783 2195 954 2226 triremem
973 2194 1010 2225 X
1078 2196 1286 2235 perforasset
1300 2196 1385 2228 codd.
1404 2207 1491 2228 recc.:

166 2236 396 2274 perforassent
413 2237 450 2267 X
510 2239 728 2269 demersisset
742 2239 828 2270 codd.
846 2250 914 2270 νηί.
932 2252 937 2270 z
961 2240 1203 2270 demersissent
1218 2239 1254 2269 X
1342 2251 1357 2279 7
1376 2246 1426 2271 est
1439 2240 1492 2278 L'“',

166 2279 197 2308 E
212 2280 302 2317 (ante
318 2280 398 2319 Cui)
414 2292 419 2310 z
446 2291 510 2312 om.
532 2281 569 2310 X
659 2292 696 2312 10
722 2282 771 2312 lta
787 2283 844 2321 qui
863 2282 1000 2323 Haupt:
1029 2283 1140 2321 itaque
1152 2282 1189 2312 X
1277 2293 1314 2322 15
1340 2294 1413 2313 cum
1432 2283 1489 2315 del.

166 2323 357 2362 Hqffmamt
495 2325 532 2354 18
556 2325 710 2366 adducit]
728 2326 865 2356 advenit
880 2326 996 2356 Davics
1070 2326 1232 2365 adductis,
1254 2326 1287 2356 id
1304 2326 1493 2366 Hqffmamt

169 2367 198 2395 id
213 2368 301 2405 quod
315 2367 346 2396 E
434 2378 469 2398 21
494 2368 611 2398 castris
625 2368 658 2397 D
744 2380 784 2407 29
800 2369 960 2399 victoriae
974 2369 1017 2398 D‘
1087 2374 1221 2408 pacarat
1234 2374 1260 2399 Δ
1276 2381 1281 2398 t
1301 2370 1448 2408 placarat
1460 2368 1498 2398 X
