1705 2729
618 165 852 203 INCERTI
885 164 1166 203 AVCTORIS

194 293 207 313 2
228 277 444 318 intercludi.
506 279 645 326 Itaque
679 289 759 314 non
794 276 898 326 prius
930 275 1025 314 vidit
1057 284 1202 313 turmas
1234 275 1404 314 Iulianas
1435 288 1553 326 quam

228 357 319 381 suos
349 343 459 382 caedi
488 356 509 380 a
539 350 646 391 tergo
681 341 807 379 sentit.
870 343 927 378 Ex
957 354 1035 390 qua
1069 354 1108 379 re
1142 340 1272 378 subito
1301 340 1340 378 in
1370 348 1554 379 terrorem

228 421 416 447 converso
448 408 623 457 equitatu
655 407 916 446 Numidarum
949 414 1053 445 recta
1084 406 1123 444 in
1153 414 1276 445 castra
1305 408 1436 457 fugere
1465 420 1555 445 con-

191 483 208 513 3
227 472 362 511 tendit.
423 472 524 511 Galli
546 472 823 522 Germanique,
847 471 913 521 qui
934 471 1161 518 restiterant,
1185 484 1230 509 ex
1251 471 1446 521 superiore
1466 473 1555 509 loco

228 545 266 575 et
286 545 374 587 post
394 544 543 587 tergum
565 536 819 575 circumventi
840 536 1066 585 fortiterque
1088 543 1275 574 restantes
1295 535 1556 574 conciduntur
1576 544 1592 575 5

189 601 407 642 4universi.
472 603 593 650 Quod
631 601 698 640 ubi
733 601 904 651 legiones
944 600 1148 650 Scipionis,
1185 613 1285 650 quae
1319 613 1389 650 pro
1423 600 1556 639 castris

229 673 337 704 erant
367 665 587 712 instructae,
617 665 792 703 animum
823 667 1082 712 adverterunt,
1111 672 1217 703 metu
1248 678 1293 703 ac
1323 673 1466 703 terrore
1495 678 1556 703 oc-

228 738 409 768 caecatae
440 730 623 768 omnibus
662 730 782 780 portis
821 730 860 767 in
899 743 968 767 sua
1007 737 1131 767 castra
1164 730 1295 778 fugere
1330 737 1554 779 coeperunt.

190 809 206 839 5
230 797 444 844 Postquam
469 794 652 844 Scipione
677 794 839 844 eiusque
859 794 982 844 copiis
1007 807 1148 844 campo
1169 794 1414 844 collibusque
1435 802 1556 832 extur-

229 860 328 897 batis
357 868 474 909 atque
504 859 543 897 in
574 867 698 897 castra
732 859 944 909 compulsis
974 873 1063 897 cum
1094 859 1266 909 receptui
1297 859 1440 898 Caesar
1469 858 1555 897 cani
1580 867 1617 889 10

227 923 401 962 iussisset
430 923 727 973 equitatumque
757 936 917 961 omnem
946 923 1046 961 intra
1075 936 1163 961 suas
1191 922 1428 961 munitiones
1455 936 1555 961 rece-

228 988 358 1038 pisset,
385 1002 525 1039 campo
552 996 716 1039 purgato
745 988 1018 1027 animadvertit
1049 988 1209 1026 mirifica
1239 1001 1401 1038 corpora
1428 989 1557 1026 Gallo-

228 1067 313 1091 rum
344 1055 709 1103 Germanorumque
725 1068 734 1101 ;
769 1053 835 1103 qui
865 1053 1005 1103 partim
1035 1053 1116 1091 eius
1147 1052 1418 1091 auctoritatem
1449 1059 1557 1091 erant

227 1132 274 1157 ex
301 1119 427 1157 Gallia
457 1118 590 1165 secuti,
619 1118 758 1168 partim
788 1118 912 1168 pretio
940 1117 1366 1168 pollicitationibusque
1395 1116 1556 1155 adducti

227 1184 277 1222 ad
307 1197 396 1221 eum
428 1196 468 1221 se
498 1184 754 1229 contulerant,
783 1196 864 1220 non
894 1182 1000 1229 nulli,
1024 1182 1089 1232 qui
1120 1196 1165 1221 ex
1196 1182 1377 1222 Curionis
1408 1181 1556 1232 proelio
1579 1191 1615 1223 15

228 1247 331 1297 capti
361 1246 657 1297 conservatique
689 1260 820 1297 parem
859 1246 1020 1297 gratiam
1055 1247 1094 1284 in
1130 1248 1207 1285 fide
1241 1246 1381 1297 pariter
1410 1248 1557 1285 tuenda

189 1325 207 1356 6
228 1320 421 1362 praestare
442 1313 653 1350 voluerant.
715 1314 871 1349 Horum
899 1325 1062 1361 corpora
1085 1311 1246 1350 mirifica
1271 1312 1400 1362 specie
1424 1311 1556 1361 ampli-

227 1377 443 1426 tudineque
464 1390 576 1415 caesa
597 1384 680 1415 toto
701 1390 842 1427 campo
862 1390 907 1415 ac
927 1384 1117 1426 prostrata
1138 1376 1287 1415 diverse
1309 1376 1499 1415 iacebant.

161 1459 206 1495 41
283 1442 358 1480 His
383 1443 498 1480 rebus
518 1442 635 1492 gestis
659 1443 802 1481 Caesar
822 1449 978 1492 postero
999 1441 1063 1480 die
1084 1455 1129 1480 ex
1150 1441 1334 1480 omnibus
1355 1440 1556 1492 praesidiis

227 1507 397 1545 cohortis
419 1507 580 1545 deduxit
596 1515 713 1556 atque
735 1507 862 1544 omnis
883 1520 972 1544 suas
993 1506 1125 1557 copias
1147 1506 1185 1543 in
1203 1519 1344 1557 campo
1366 1506 1553 1544 instruxit.
1578 1517 1617 1539 20

227 1572 358 1622 Scipio
397 1572 475 1609 suis
511 1574 611 1610 male
649 1571 831 1622 acceptis,
874 1571 1012 1609 occisis
1052 1571 1419 1620 convulneratisque
1458 1570 1558 1608 intra

190 1651 205 1672 2
227 1651 315 1675 suas
342 1636 543 1676 continere
570 1651 610 1675 se
638 1636 876 1674 munitiones
904 1635 1043 1686 coepit.
1104 1637 1248 1675 Caesar
1268 1636 1455 1674 instructa
1474 1635 1557 1673 acie

227 1703 445 1740 secundum
479 1702 632 1739 infimas
665 1701 741 1751 iugi
777 1701 926 1739 radices
958 1701 1117 1751 propius
1150 1701 1387 1739 munitiones
1421 1700 1558 1738 leniter

225 1766 399 1805 accessit.
460 1768 624 1816 Iamque
664 1766 792 1803 minus
832 1766 936 1804 mille
974 1780 1110 1817 passus
1148 1766 1199 1803 ab
1233 1766 1381 1816 oppido
1411 1765 1553 1811 Uzitta,

226 1832 334 1881 quod
362 1831 493 1881 Scipio
518 1832 687 1877 tenebat,
713 1831 875 1869 aberant
902 1831 1074 1881 legiones
1100 1831 1286 1878 Iulianae,
1310 1844 1399 1868 cum
1424 1829 1556 1880 Scipio
1577 1839 1613 1871 25

226 1896 368 1934 veritus
390 1910 438 1934 ne
459 1895 649 1946 oppidum
674 1896 878 1943 amitteret,
902 1898 1007 1935 unde
1031 1896 1164 1946 aquari
1185 1895 1421 1945 reliquisque
1441 1895 1556 1933 rebus

226 1960 418 1999 sublevari
447 1960 529 1999 eius
565 1961 753 1999 exercitus
785 1969 1002 2005 consuerat,
1035 1961 1186 2000 eductis
1221 1960 1404 1998 omnibus
1434 1959 1557 2009 copiis

225 2025 470 2075 quadruplici
500 2026 583 2064 acie
616 2027 802 2065 instructa
837 2041 882 2065 ex
914 2026 1091 2064 instituto
1125 2039 1206 2072 suo,
1237 2025 1359 2076 prima
1388 2023 1556 2074 equestri

225 2090 423 2128 turmatim
458 2092 614 2129 derecta
650 2091 947 2141 elephantisque
982 2090 1124 2128 turritis
1163 2089 1399 2140 interpositis
1437 2101 1557 2126 arma-

189 2169 206 2198 3
225 2154 362 2203 tisque,
392 2155 590 2204 suppetias
627 2156 680 2194 ire
715 2155 1083 2204 contendit—quod
1115 2154 1182 2192 ubi
1212 2155 1356 2193 Caesar
1384 2152 1557 2190 animad-
1577 2161 1616 2192 30

225 2219 347 2265 vertit,
370 2219 576 2258 arbitratus
606 2220 830 2270 Scipionem
860 2221 911 2258 ad
937 2219 1206 2257 dimicandum
1237 2226 1413 2269 paratum
1440 2218 1490 2255 ad
1515 2230 1556 2255 se

269 2333 288 2362 5
313 2328 480 2353 restantes
498 2323 575 2353 DT'
592 2335 598 2354 ε
624 2324 825 2353 resistentes
843 2322 886 2352 L'
994 2323 1033 2352 16
1058 2323 1184 2362 pariter
1200 2322 1325 2351 tuenda
1343 2321 1552 2361 Hoffiuann:

226 2367 402 2405 partienda
419 2365 531 2396 DL'T
549 2366 598 2397 V:
623 2371 785 2405 perventa
803 2366 843 2395 Τ1
860 2377 866 2397 :
891 2366 1084 2405 praebenda
1103 2363 1258 2404 IVoelfflin
1349 2375 1391 2394 20
1415 2363 1555 2394 deduxit

226 2409 326 2440 DT‘:
367 2410 483 2440 eduxit
511 2409 552 2438 L'
684 2420 721 2439 21
750 2408 894 2440 concisis
926 2408 1082 2448 lVoeIfflz'n
1228 2418 1270 2446 29
1295 2408 1431 2438 derecta
1460 2406 1555 2437 U‘T:

225 2453 334 2483 eiecta
355 2453 386 2482 V
399 2465 404 2483 :
431 2453 557 2483 directa
575 2451 639 2482 DL
743 2463 786 2492 30
810 2453 1096 2493 intetpunctionem
1115 2451 1244 2482 Dinteri
1257 2454 1382 2481 secutus
1397 2460 1475 2480 sum
