<?xml version="1.0" encoding="UTF-8"?>
<!DOCTYPE html PUBLIC "-//W3C//DTD XHTML 1.0 Transitional//EN"
    "http://www.w3.org/TR/xhtml1/DTD/xhtml1-transitional.dtd">
<html xmlns="http://www.w3.org/1999/xhtml" xml:lang="en" lang="en">
 <head>
  <title>
</title>
<meta http-equiv="Content-Type" content="text/html;charset=utf-8" />
  <meta name='ocr-system' content='tesseract 3.04.00' />
  <meta name='ocr-capabilities' content='ocr_page ocr_carea ocr_par ocr_line ocrx_word'/>
</head>
<body>
  <div class='ocr_page' id='page_1' title='image "./commentariorumpa02caesuoft_0019.png"; bbox 0 0 1705 2729; ppageno 0'>
   <div class='ocr_carea' id='block_1_1' title="bbox 472 124 1151 163">
    <p class='ocr_par' dir='ltr' id='par_1_1' title="bbox 472 124 1151 163">
     <span class='ocr_line' id='line_1_1' title="bbox 472 124 1151 163; baseline 0.001 -2"><span class='ocrx_word' id='word_1_1' title='bbox 472 124 544 161; x_wconf 90' lang='lat' dir='ltr'>DE</span> <span class='ocrx_word' id='word_1_2' title='bbox 576 124 756 162; x_wconf 90' lang='lat' dir='ltr'>BELLO</span> <span class='ocrx_word' id='word_1_3' title='bbox 786 124 963 163; x_wconf 86' lang='lat' dir='ltr'>CIVILI</span> <span class='ocrx_word' id='word_1_4' title='bbox 997 125 1098 162; x_wconf 90' lang='lat' dir='ltr'>LIB.</span> <span class='ocrx_word' id='word_1_5' title='bbox 1134 127 1151 162; x_wconf 93' lang='lat' dir='ltr'>I</span> 
     </span>
    </p>
   </div>
   <div class='ocr_carea' id='block_1_2' title="bbox 72 233 1523 2214">
    <p class='ocr_par' dir='ltr' id='par_1_2' title="bbox 77 233 1506 1636">
     <span class='ocr_line' id='line_1_2' title="bbox 150 233 1470 286; baseline 0.002 -14"><span class='ocrx_word' id='word_1_6' title='bbox 150 233 312 283; x_wconf 90' lang='lat' dir='ltr'>Pompei</span> <span class='ocrx_word' id='word_1_7' title='bbox 334 234 517 272; x_wconf 89' lang='lat' dir='ltr'>mandata</span> <span class='ocrx_word' id='word_1_8' title='bbox 541 234 591 272; x_wconf 88' lang='lat' dir='ltr'>ad</span> <span class='ocrx_word' id='word_1_9' title='bbox 617 246 658 272; x_wconf 90' lang='lat' dir='ltr'>se</span> <span class='ocrx_word' id='word_1_10' title='bbox 682 234 902 281; x_wconf 81' lang='lat' dir='ltr'>detulerint,</span> <span class='ocrx_word' id='word_1_11' title='bbox 925 247 974 273; x_wconf 91' lang='lat' dir='ltr'>ne</span> <span class='ocrx_word' id='word_1_12' title='bbox 994 242 1200 285; x_wconf 81' lang='lat' dir='ltr'>graventur</span> <span class='ocrx_word' id='word_1_13' title='bbox 1221 248 1290 274; x_wconf 89' lang='lat' dir='ltr'>sua</span> <span class='ocrx_word' id='word_1_14' title='bbox 1310 250 1470 286; x_wconf 88' lang='lat' dir='ltr'>quoque</span> 
     </span>
     <span class='ocr_line' id='line_1_3' title="bbox 146 298 1469 349; baseline 0.001 -12"><span class='ocrx_word' id='word_1_15' title='bbox 146 300 197 337; x_wconf 92' lang='lat' dir='ltr'>ad</span> <span class='ocrx_word' id='word_1_16' title='bbox 224 311 314 336; x_wconf 90' lang='lat' dir='ltr'>eum</span> <span class='ocrx_word' id='word_1_17' title='bbox 341 299 535 348; x_wconf 89' lang='lat' dir='ltr'>postulata</span> <span class='ocrx_word' id='word_1_18' title='bbox 564 299 723 345; x_wconf 90' lang='lat' dir='ltr'>deferre,</span> <span class='ocrx_word' id='word_1_19' title='bbox 754 298 785 336; x_wconf 92' lang='lat' dir='ltr'>si</span> <span class='ocrx_word' id='word_1_20' title='bbox 814 312 933 348; x_wconf 90' lang='lat' dir='ltr'>parvo</span> <span class='ocrx_word' id='word_1_21' title='bbox 964 299 1097 338; x_wconf 89' lang='lat' dir='ltr'>labore</span> <span class='ocrx_word' id='word_1_22' title='bbox 1128 312 1287 349; x_wconf 86' lang='lat' dir='ltr'>magnas</span> <span class='ocrx_word' id='word_1_23' title='bbox 1317 308 1469 339; x_wconf 90' lang='lat' dir='ltr'>contro-</span> 
     </span>
     <span class='ocr_line' id='line_1_4' title="bbox 146 362 1464 413; baseline 0.002 -14"><span class='ocrx_word' id='word_1_24' title='bbox 146 362 287 400; x_wconf 89' lang='lat' dir='ltr'>versias</span> <span class='ocrx_word' id='word_1_25' title='bbox 308 363 442 400; x_wconf 90' lang='lat' dir='ltr'>tollere</span> <span class='ocrx_word' id='word_1_26' title='bbox 469 369 586 411; x_wconf 89' lang='lat' dir='ltr'>atque</span> <span class='ocrx_word' id='word_1_27' title='bbox 611 375 770 400; x_wconf 91' lang='lat' dir='ltr'>omnem</span> <span class='ocrx_word' id='word_1_28' title='bbox 798 362 951 400; x_wconf 89' lang='lat' dir='ltr'>Italiam</span> <span class='ocrx_word' id='word_1_29' title='bbox 979 371 1086 401; x_wconf 88' lang='lat' dir='ltr'>metu</span> <span class='ocrx_word' id='word_1_30' title='bbox 1115 363 1277 402; x_wconf 91' lang='lat' dir='ltr'>liberare</span> <span class='ocrx_word' id='word_1_31' title='bbox 1304 364 1464 413; x_wconf 86' lang='lat' dir='ltr'>possint.</span> 
     </span>
     <span class='ocr_line' id='line_1_5' title="bbox 143 425 1506 478; baseline 0.002 -15"><span class='ocrx_word' id='word_1_32' title='bbox 143 425 227 464; x_wconf 86' lang='lat' dir='ltr'>Sibi</span> <span class='ocrx_word' id='word_1_33' title='bbox 261 439 413 475; x_wconf 88' lang='lat' dir='ltr'>semper</span> <span class='ocrx_word' id='word_1_34' title='bbox 446 425 610 475; x_wconf 80' lang='lat' dir='ltr'>primam</span> <span class='ocrx_word' id='word_1_35' title='bbox 646 426 763 464; x_wconf 86' lang='lat' dir='ltr'>fuisse</span> <span class='ocrx_word' id='word_1_36' title='bbox 801 426 1030 476; x_wconf 83' lang='lat' dir='ltr'>dignitatem</span> <span class='ocrx_word' id='word_1_37' title='bbox 1067 428 1222 477; x_wconf 89' lang='lat' dir='ltr'>vitaque</span> <span class='ocrx_word' id='word_1_38' title='bbox 1261 428 1463 478; x_wconf 90' lang='lat' dir='ltr'>potiorem.</span> <span class='ocrx_word' id='word_1_39' title='bbox 1491 441 1506 461; x_wconf 88' lang='lat'><em>2</em></span> 
     </span>
     <span class='ocr_line' id='line_1_6' title="bbox 108 489 1467 542; baseline 0.002 -15"><span class='ocrx_word' id='word_1_40' title='bbox 108 505 124 535; x_wconf 88' lang='lat'>5</span> <span class='ocrx_word' id='word_1_41' title='bbox 146 489 328 528; x_wconf 91' lang='lat' dir='ltr'>Doluisse</span> <span class='ocrx_word' id='word_1_42' title='bbox 350 503 390 528; x_wconf 87' lang='lat' dir='ltr'>se</span> <span class='ocrx_word' id='word_1_43' title='bbox 411 491 518 539; x_wconf 93' lang='lat' dir='ltr'>quod</span> <span class='ocrx_word' id='word_1_44' title='bbox 540 490 674 540; x_wconf 90' lang='lat' dir='ltr'>populi</span> <span class='ocrx_word' id='word_1_45' title='bbox 699 491 869 529; x_wconf 90' lang='lat' dir='ltr'>Romani</span> <span class='ocrx_word' id='word_1_46' title='bbox 892 491 1128 529; x_wconf 85' lang='lat' dir='ltr'>beneficium</span> <span class='ocrx_word' id='word_1_47' title='bbox 1150 491 1222 530; x_wconf 88' lang='lat' dir='ltr'>sibi</span> <span class='ocrx_word' id='word_1_48' title='bbox 1245 505 1313 542; x_wconf 89' lang='lat' dir='ltr'>per</span> <span class='ocrx_word' id='word_1_49' title='bbox 1333 499 1467 531; x_wconf 92' lang='lat' dir='ltr'>contu-</span> 
     </span>
     <span class='ocr_line' id='line_1_7' title="bbox 143 554 1466 607; baseline 0.003 -16"><span class='ocrx_word' id='word_1_50' title='bbox 143 554 299 592; x_wconf 90' lang='lat' dir='ltr'>meliam</span> <span class='ocrx_word' id='word_1_51' title='bbox 333 555 384 592; x_wconf 93' lang='lat' dir='ltr'>ab</span> <span class='ocrx_word' id='word_1_52' title='bbox 414 554 579 592; x_wconf 88' lang='lat' dir='ltr'>inimicis</span> <span class='ocrx_word' id='word_1_53' title='bbox 617 563 908 605; x_wconf 84' lang='lat' dir='ltr'>extorqueretur</span> <span class='ocrx_word' id='word_1_54' title='bbox 941 564 1155 607; x_wconf 88' lang='lat' dir='ltr'>ereptoque</span> <span class='ocrx_word' id='word_1_55' title='bbox 1189 558 1365 595; x_wconf 79' lang='lat' dir='ltr'>semestri</span> <span class='ocrx_word' id='word_1_56' title='bbox 1399 557 1466 595; x_wconf 90' lang='lat' dir='ltr'>im-</span> 
     </span>
     <span class='ocr_line' id='line_1_8' title="bbox 143 618 1465 667; baseline 0.002 -12"><span class='ocrx_word' id='word_1_57' title='bbox 143 618 249 667; x_wconf 91' lang='lat' dir='ltr'>perio</span> <span class='ocrx_word' id='word_1_58' title='bbox 273 618 312 656; x_wconf 90' lang='lat' dir='ltr'>in</span> <span class='ocrx_word' id='word_1_59' title='bbox 341 619 476 656; x_wconf 91' lang='lat' dir='ltr'>urbem</span> <span class='ocrx_word' id='word_1_60' title='bbox 500 621 765 666; x_wconf 88' lang='lat' dir='ltr'>retraheretur,</span> <span class='ocrx_word' id='word_1_61' title='bbox 789 620 899 658; x_wconf 90' lang='lat' dir='ltr'>cuius</span> <span class='ocrx_word' id='word_1_62' title='bbox 920 621 1092 659; x_wconf 87' lang='lat' dir='ltr'>absentis</span> <span class='ocrx_word' id='word_1_63' title='bbox 1118 621 1308 660; x_wconf 90' lang='lat' dir='ltr'>rationem</span> <span class='ocrx_word' id='word_1_64' title='bbox 1332 621 1465 660; x_wconf 86' lang='lat' dir='ltr'>haberi</span> 
     </span>
     <span class='ocr_line' id='line_1_9' title="bbox 143 682 1505 734; baseline 0.004 -15"><span class='ocrx_word' id='word_1_65' title='bbox 143 682 325 731; x_wconf 87' lang='lat' dir='ltr'>proximis</span> <span class='ocrx_word' id='word_1_66' title='bbox 347 683 513 721; x_wconf 89' lang='lat' dir='ltr'>comitiis</span> <span class='ocrx_word' id='word_1_67' title='bbox 543 686 710 734; x_wconf 90' lang='lat' dir='ltr'>populus</span> <span class='ocrx_word' id='word_1_68' title='bbox 739 684 921 722; x_wconf 88' lang='lat' dir='ltr'>iussisset.</span> <span class='ocrx_word' id='word_1_69' title='bbox 982 687 1134 723; x_wconf 81' lang='lat' dir='ltr'>Tamen</span> <span class='ocrx_word' id='word_1_70' title='bbox 1157 687 1257 724; x_wconf 90' lang='lat' dir='ltr'>hanc</span> <span class='ocrx_word' id='word_1_71' title='bbox 1279 685 1464 723; x_wconf 89' lang='lat' dir='ltr'>iacturam</span> <span class='ocrx_word' id='word_1_72' title='bbox 1489 695 1505 724; x_wconf 79' lang='lat'>3</span> 
     </span>
     <span class='ocr_line' id='line_1_10' title="bbox 144 746 1463 799; baseline 0.004 -16"><span class='ocrx_word' id='word_1_73' title='bbox 144 746 301 785; x_wconf 87' lang='lat' dir='ltr'>honoris</span> <span class='ocrx_word' id='word_1_74' title='bbox 332 747 389 784; x_wconf 89' lang='lat' dir='ltr'>sui</span> <span class='ocrx_word' id='word_1_75' title='bbox 420 747 472 785; x_wconf 90' lang='lat' dir='ltr'>rei</span> <span class='ocrx_word' id='word_1_76' title='bbox 504 748 684 797; x_wconf 90' lang='lat' dir='ltr'>publicae</span> <span class='ocrx_word' id='word_1_77' title='bbox 719 762 835 786; x_wconf 88' lang='lat' dir='ltr'>causa</span> <span class='ocrx_word' id='word_1_78' title='bbox 863 763 991 799; x_wconf 88' lang='lat' dir='ltr'>aequo</span> <span class='ocrx_word' id='word_1_79' title='bbox 1020 750 1153 787; x_wconf 90' lang='lat' dir='ltr'>animo</span> <span class='ocrx_word' id='word_1_80' title='bbox 1184 750 1340 797; x_wconf 66' lang='lat' dir='ltr'>tulisse,</span> <span class='ocrx_word' id='word_1_81' title='bbox 1375 764 1463 788; x_wconf 91' lang='lat' dir='ltr'>cum</span> 
     </span>
     <span class='ocr_line' id='line_1_11' title="bbox 84 810 1465 860; baseline 0.004 -13"><span class='ocrx_word' id='word_1_82' title='bbox 84 823 123 847; x_wconf 90' lang='lat'>10</span> <span class='ocrx_word' id='word_1_83' title='bbox 142 810 284 849; x_wconf 89' lang='lat' dir='ltr'>litteras</span> <span class='ocrx_word' id='word_1_84' title='bbox 318 813 369 850; x_wconf 91' lang='lat' dir='ltr'>ad</span> <span class='ocrx_word' id='word_1_85' title='bbox 404 820 581 851; x_wconf 88' lang='lat' dir='ltr'>senatum</span> <span class='ocrx_word' id='word_1_86' title='bbox 614 813 768 860; x_wconf 78' lang='lat' dir='ltr'>miserit,</span> <span class='ocrx_word' id='word_1_87' title='bbox 803 822 845 851; x_wconf 90' lang='lat' dir='ltr'>ut</span> <span class='ocrx_word' id='word_1_88' title='bbox 876 827 1014 851; x_wconf 86' lang='lat' dir='ltr'>omnes</span> <span class='ocrx_word' id='word_1_89' title='bbox 1046 815 1096 852; x_wconf 92' lang='lat' dir='ltr'>ab</span> <span class='ocrx_word' id='word_1_90' title='bbox 1129 814 1359 852; x_wconf 75' lang='lat' dir='ltr'>exercitibus</span> <span class='ocrx_word' id='word_1_91' title='bbox 1392 815 1465 853; x_wconf 91' lang='lat' dir='ltr'>dis-</span> 
     </span>
     <span class='ocr_line' id='line_1_12' title="bbox 142 876 1503 927; baseline 0.002 -14"><span class='ocrx_word' id='word_1_92' title='bbox 142 876 336 923; x_wconf 85' lang='lat' dir='ltr'>cederent,</span> <span class='ocrx_word' id='word_1_93' title='bbox 360 890 408 914; x_wconf 92' lang='lat' dir='ltr'>ne</span> <span class='ocrx_word' id='word_1_94' title='bbox 434 877 473 915; x_wconf 92' lang='lat' dir='ltr'>id</span> <span class='ocrx_word' id='word_1_95' title='bbox 499 877 657 926; x_wconf 88' lang='lat' dir='ltr'>quidem</span> <span class='ocrx_word' id='word_1_96' title='bbox 687 877 961 927; x_wconf 74' lang='lat' dir='ltr'>impetravisse.</span> <span class='ocrx_word' id='word_1_97' title='bbox 1023 880 1124 916; x_wconf 82' lang='lat' dir='ltr'>Tota</span> <span class='ocrx_word' id='word_1_98' title='bbox 1157 879 1269 916; x_wconf 90' lang='lat' dir='ltr'>Italia</span> <span class='ocrx_word' id='word_1_99' title='bbox 1298 878 1463 916; x_wconf 86' lang='lat' dir='ltr'>dilectus</span> <span class='ocrx_word' id='word_1_100' title='bbox 1485 890 1503 918; x_wconf 87' lang='lat'>4</span> 
     </span>
     <span class='ocr_line' id='line_1_13' title="bbox 140 939 1463 991; baseline 0.002 -14"><span class='ocrx_word' id='word_1_101' title='bbox 140 939 284 987; x_wconf 88' lang='lat' dir='ltr'>haberi,</span> <span class='ocrx_word' id='word_1_102' title='bbox 308 940 461 979; x_wconf 87' lang='lat' dir='ltr'>retineri</span> <span class='ocrx_word' id='word_1_103' title='bbox 490 940 661 991; x_wconf 77' lang='lat' dir='ltr'>legiones</span> <span class='ocrx_word' id='word_1_104' title='bbox 684 954 725 987; x_wconf 92' lang='lat'>11,</span> <span class='ocrx_word' id='word_1_105' title='bbox 749 956 850 991; x_wconf 91' lang='lat' dir='ltr'>quae</span> <span class='ocrx_word' id='word_1_106' title='bbox 874 943 923 980; x_wconf 90' lang='lat' dir='ltr'>ab</span> <span class='ocrx_word' id='word_1_107' title='bbox 953 956 993 980; x_wconf 84' lang='lat' dir='ltr'>se</span> <span class='ocrx_word' id='word_1_108' title='bbox 1022 941 1270 980; x_wconf 78' lang='lat' dir='ltr'>simulatione</span> <span class='ocrx_word' id='word_1_109' title='bbox 1294 942 1463 980; x_wconf 78' lang='lat' dir='ltr'>Parthici</span> 
     </span>
     <span class='ocr_line' id='line_1_14' title="bbox 139 1003 1474 1072; baseline 0.003 -31"><span class='ocrx_word' id='word_1_110' title='bbox 139 1003 229 1041; x_wconf 91' lang='lat' dir='ltr'>belli</span> <span class='ocrx_word' id='word_1_111' title='bbox 251 1004 326 1043; x_wconf 91' lang='lat' dir='ltr'>sint</span> <span class='ocrx_word' id='word_1_112' title='bbox 346 1005 552 1052; x_wconf 85' lang='lat' dir='ltr'>abductae,</span> <span class='ocrx_word' id='word_1_113' title='bbox 576 1005 771 1044; x_wconf 89' lang='lat' dir='ltr'>civitatem</span> <span class='ocrx_word' id='word_1_114' title='bbox 796 1020 881 1044; x_wconf 84' lang='lat' dir='ltr'>esse</span> <span class='ocrx_word' id='word_1_115' title='bbox 902 1006 941 1044; x_wconf 93' lang='lat' dir='ltr'>in</span> <span class='ocrx_word' id='word_1_116' title='bbox 963 1007 1088 1044; x_wconf 89' lang='lat' dir='ltr'>armis.</span> <span class='ocrx_word' id='word_1_117' title='bbox 1151 1008 1474 1072; x_wconf 66' lang='lat' dir='ltr'><em>Q</em></span> 
     </span>
     <span class='ocr_line' id='line_1_15' title="bbox 138 1069 1498 1124; baseline -0.004 -10"><span class='ocrx_word' id='word_1_118' title='bbox 138 1069 1088 1124; x_wconf 52' lang='lat' dir='ltr'>Qiewme?</span> <span class='ocrx_word' id='word_1_119' title='bbox 1145 1073 1223 1109; x_wconf 77' lang='lat' dir='ltr'>Sed</span> <span class='ocrx_word' id='word_1_120' title='bbox 1248 1080 1379 1110; x_wconf 73' lang='lat' dir='ltr'>tamen</span> <span class='ocrx_word' id='word_1_121' title='bbox 1409 1073 1459 1110; x_wconf 81' lang='lat' dir='ltr'>ad</span> <span class='ocrx_word' id='word_1_122' title='bbox 1483 1078 1498 1108; x_wconf 79' lang='lat'>5</span> 
     </span>
     <span class='ocr_line' id='line_1_16' title="bbox 81 1133 1460 1185; baseline 0.003 -16"><span class='ocrx_word' id='word_1_123' title='bbox 81 1146 117 1177; x_wconf 86' lang='lat'>15</span> <span class='ocrx_word' id='word_1_124' title='bbox 137 1133 269 1171; x_wconf 91' lang='lat' dir='ltr'>omnia</span> <span class='ocrx_word' id='word_1_125' title='bbox 290 1147 330 1171; x_wconf 89' lang='lat' dir='ltr'>se</span> <span class='ocrx_word' id='word_1_126' title='bbox 351 1135 590 1172; x_wconf 86' lang='lat' dir='ltr'>descendere</span> <span class='ocrx_word' id='word_1_127' title='bbox 612 1142 787 1184; x_wconf 88' lang='lat' dir='ltr'>paratum</span> <span class='ocrx_word' id='word_1_128' title='bbox 813 1143 930 1184; x_wconf 86' lang='lat' dir='ltr'>atque</span> <span class='ocrx_word' id='word_1_129' title='bbox 951 1136 1084 1173; x_wconf 89' lang='lat' dir='ltr'>omnia</span> <span class='ocrx_word' id='word_1_130' title='bbox 1105 1135 1185 1184; x_wconf 89' lang='lat' dir='ltr'>pati</span> <span class='ocrx_word' id='word_1_131' title='bbox 1207 1135 1258 1173; x_wconf 90' lang='lat' dir='ltr'>rei</span> <span class='ocrx_word' id='word_1_132' title='bbox 1280 1135 1460 1185; x_wconf 89' lang='lat' dir='ltr'>publicae</span> 
     </span>
     <span class='ocr_line' id='line_1_17' title="bbox 136 1198 1459 1249; baseline 0.002 -14"><span class='ocrx_word' id='word_1_133' title='bbox 136 1210 261 1235; x_wconf 91' lang='lat' dir='ltr'>causa.</span> <span class='ocrx_word' id='word_1_134' title='bbox 324 1198 594 1237; x_wconf 88' lang='lat' dir='ltr'>Proficiscatur</span> <span class='ocrx_word' id='word_1_135' title='bbox 616 1199 826 1248; x_wconf 85' lang='lat' dir='ltr'>Pompeius</span> <span class='ocrx_word' id='word_1_136' title='bbox 847 1199 886 1237; x_wconf 90' lang='lat' dir='ltr'>in</span> <span class='ocrx_word' id='word_1_137' title='bbox 908 1213 995 1237; x_wconf 87' lang='lat' dir='ltr'>suas</span> <span class='ocrx_word' id='word_1_138' title='bbox 1011 1199 1240 1249; x_wconf 81' lang='lat' dir='ltr'>provincias,</span> <span class='ocrx_word' id='word_1_139' title='bbox 1265 1199 1336 1248; x_wconf 88' lang='lat' dir='ltr'>ipsi</span> <span class='ocrx_word' id='word_1_140' title='bbox 1359 1213 1459 1238; x_wconf 84' lang='lat' dir='ltr'>exer-</span> 
     </span>
     <span class='ocr_line' id='line_1_18' title="bbox 135 1261 1458 1310; baseline 0.002 -11"><span class='ocrx_word' id='word_1_141' title='bbox 135 1261 233 1299; x_wconf 90' lang='lat' dir='ltr'>citus</span> <span class='ocrx_word' id='word_1_142' title='bbox 261 1262 469 1309; x_wconf 82' lang='lat' dir='ltr'>dimittant,</span> <span class='ocrx_word' id='word_1_143' title='bbox 500 1263 704 1302; x_wconf 78' lang='lat' dir='ltr'>discedant</span> <span class='ocrx_word' id='word_1_144' title='bbox 732 1263 770 1300; x_wconf 88' lang='lat' dir='ltr'>in</span> <span class='ocrx_word' id='word_1_145' title='bbox 801 1263 912 1301; x_wconf 89' lang='lat' dir='ltr'>Italia</span> <span class='ocrx_word' id='word_1_146' title='bbox 939 1277 1077 1302; x_wconf 86' lang='lat' dir='ltr'>omnes</span> <span class='ocrx_word' id='word_1_147' title='bbox 1105 1264 1155 1301; x_wconf 90' lang='lat' dir='ltr'>ab</span> <span class='ocrx_word' id='word_1_148' title='bbox 1181 1263 1308 1310; x_wconf 87' lang='lat' dir='ltr'>armis,</span> <span class='ocrx_word' id='word_1_149' title='bbox 1333 1272 1458 1302; x_wconf 85' lang='lat' dir='ltr'>metus</span> 
     </span>
     <span class='ocr_line' id='line_1_19' title="bbox 134 1326 1458 1378; baseline 0.002 -14"><span class='ocrx_word' id='word_1_150' title='bbox 134 1340 155 1364; x_wconf 85' lang='lat' dir='ltr'>e</span> <span class='ocrx_word' id='word_1_151' title='bbox 185 1326 339 1365; x_wconf 89' lang='lat' dir='ltr'>civitate</span> <span class='ocrx_word' id='word_1_152' title='bbox 369 1329 535 1374; x_wconf 91' lang='lat' dir='ltr'>tollatur,</span> <span class='ocrx_word' id='word_1_153' title='bbox 568 1328 688 1366; x_wconf 88' lang='lat' dir='ltr'>libera</span> <span class='ocrx_word' id='word_1_154' title='bbox 716 1328 873 1366; x_wconf 88' lang='lat' dir='ltr'>comitia</span> <span class='ocrx_word' id='word_1_155' title='bbox 900 1336 1017 1378; x_wconf 84' lang='lat' dir='ltr'>atque</span> <span class='ocrx_word' id='word_1_156' title='bbox 1049 1328 1177 1366; x_wconf 91' lang='lat' dir='ltr'>omnis</span> <span class='ocrx_word' id='word_1_157' title='bbox 1211 1342 1269 1366; x_wconf 89' lang='lat' dir='ltr'>res</span> <span class='ocrx_word' id='word_1_158' title='bbox 1301 1328 1458 1377; x_wconf 86' lang='lat' dir='ltr'>publica</span> 
     </span>
     <span class='ocr_line' id='line_1_20' title="bbox 134 1391 1498 1442; baseline 0.002 -14"><span class='ocrx_word' id='word_1_159' title='bbox 134 1391 284 1429; x_wconf 90' lang='lat' dir='ltr'>senatui</span> <span class='ocrx_word' id='word_1_160' title='bbox 305 1394 532 1442; x_wconf 84' lang='lat' dir='ltr'>populoque</span> <span class='ocrx_word' id='word_1_161' title='bbox 555 1394 738 1430; x_wconf 88' lang='lat' dir='ltr'>Romano</span> <span class='ocrx_word' id='word_1_162' title='bbox 759 1393 1011 1442; x_wconf 81' lang='lat' dir='ltr'>permittatur.</span> <span class='ocrx_word' id='word_1_163' title='bbox 1074 1395 1187 1431; x_wconf 88' lang='lat' dir='ltr'>Haec</span> <span class='ocrx_word' id='word_1_164' title='bbox 1208 1406 1287 1442; x_wconf 90' lang='lat' dir='ltr'>quo</span> <span class='ocrx_word' id='word_1_165' title='bbox 1308 1393 1458 1432; x_wconf 85' lang='lat' dir='ltr'>facilius</span> <span class='ocrx_word' id='word_1_166' title='bbox 1479 1397 1498 1427; x_wconf 87' lang='lat'><strong>6</strong></span> 
     </span>
     <span class='ocr_line' id='line_1_21' title="bbox 77 1454 1457 1505; baseline 0.003 -14"><span class='ocrx_word' id='word_1_167' title='bbox 77 1468 115 1490; x_wconf 86' lang='lat'>20</span> <span class='ocrx_word' id='word_1_168' title='bbox 135 1454 326 1505; x_wconf 88' lang='lat' dir='ltr'>certisque</span> <span class='ocrx_word' id='word_1_169' title='bbox 347 1456 647 1494; x_wconf 85' lang='lat' dir='ltr'>condicionibus</span> <span class='ocrx_word' id='word_1_170' title='bbox 670 1458 763 1494; x_wconf 89' lang='lat' dir='ltr'>fiant</span> <span class='ocrx_word' id='word_1_171' title='bbox 784 1464 822 1495; x_wconf 89' lang='lat' dir='ltr'>et</span> <span class='ocrx_word' id='word_1_172' title='bbox 842 1457 923 1495; x_wconf 88' lang='lat' dir='ltr'>iure</span> <span class='ocrx_word' id='word_1_173' title='bbox 944 1457 1109 1495; x_wconf 92' lang='lat' dir='ltr'>iurando</span> <span class='ocrx_word' id='word_1_174' title='bbox 1135 1457 1369 1504; x_wconf 84' lang='lat' dir='ltr'>sanciantur,</span> <span class='ocrx_word' id='word_1_175' title='bbox 1392 1466 1457 1496; x_wconf 88' lang='lat' dir='ltr'>aut</span> 
     </span>
     <span class='ocr_line' id='line_1_22' title="bbox 133 1513 1456 1572; baseline 0.003 -16"><span class='ocrx_word' id='word_1_176' title='bbox 133 1517 216 1567; x_wconf 90' lang='lat' dir='ltr'>ipse</span> <span class='ocrx_word' id='word_1_177' title='bbox 236 1520 394 1570; x_wconf 87' lang='lat' dir='ltr'>propius</span> <span class='ocrx_word' id='word_1_178' title='bbox 415 1513 577 1559; x_wconf 80' lang='lat' dir='ltr'>accedat</span> <span class='ocrx_word' id='word_1_179' title='bbox 602 1528 668 1559; x_wconf 87' lang='lat' dir='ltr'>aut</span> <span class='ocrx_word' id='word_1_180' title='bbox 693 1534 734 1559; x_wconf 82' lang='lat' dir='ltr'>se</span> <span class='ocrx_word' id='word_1_181' title='bbox 764 1522 930 1571; x_wconf 89' lang='lat' dir='ltr'>patiatur</span> <span class='ocrx_word' id='word_1_182' title='bbox 956 1523 1168 1569; x_wconf 78' lang='lat' dir='ltr'>accedere3</span> <span class='ocrx_word' id='word_1_183' title='bbox 1199 1523 1280 1559; x_wconf 92' lang='lat' dir='ltr'>fore</span> <span class='ocrx_word' id='word_1_184' title='bbox 1308 1522 1363 1560; x_wconf 92' lang='lat' dir='ltr'>uti</span> <span class='ocrx_word' id='word_1_185' title='bbox 1388 1536 1456 1572; x_wconf 90' lang='lat' dir='ltr'>per</span> 
     </span>
     <span class='ocr_line' id='line_1_23' title="bbox 133 1584 1112 1636; baseline 0.004 -16"><span class='ocrx_word' id='word_1_186' title='bbox 133 1584 328 1633; x_wconf 90' lang='lat' dir='ltr'>colloquia</span> <span class='ocrx_word' id='word_1_187' title='bbox 349 1598 486 1623; x_wconf 87' lang='lat' dir='ltr'>omnes</span> <span class='ocrx_word' id='word_1_188' title='bbox 508 1586 794 1624; x_wconf 81' lang='lat' dir='ltr'>controversiae</span> <span class='ocrx_word' id='word_1_189' title='bbox 815 1594 1112 1636; x_wconf 83' lang='lat' dir='ltr'>componantur.</span> 
     </span>
    </p>

    <p class='ocr_par' dir='ltr' id='par_1_3' title="bbox 74 1648 1523 1894">
     <span class='ocr_line' id='line_1_24' title="bbox 186 1648 1523 1701; baseline 0.004 -15"><span class='ocrx_word' id='word_1_190' title='bbox 186 1648 370 1697; x_wconf 85' lang='lat' dir='ltr'>Acceptis</span> <span class='ocrx_word' id='word_1_191' title='bbox 403 1649 597 1688; x_wconf 88' lang='lat' dir='ltr'>mandatis</span> <span class='ocrx_word' id='word_1_192' title='bbox 634 1650 801 1688; x_wconf 84' lang='lat' dir='ltr'>Roscius</span> <span class='ocrx_word' id='word_1_193' title='bbox 834 1664 923 1688; x_wconf 92' lang='lat' dir='ltr'>cum</span> <span class='ocrx_word' id='word_1_194' title='bbox 960 1651 1127 1689; x_wconf 83' lang='lat' dir='ltr'>Caesare</span> <span class='ocrx_word' id='word_1_195' title='bbox 1162 1652 1341 1700; x_wconf 86' lang='lat' dir='ltr'>Capuam</span> <span class='ocrx_word' id='word_1_196' title='bbox 1376 1665 1456 1701; x_wconf 91' lang='lat' dir='ltr'>per·</span> <span class='ocrx_word' id='word_1_197' title='bbox 1477 1664 1523 1691; x_wconf 93' lang='lat'>10</span> 
     </span>
     <span class='ocr_line' id='line_1_25' title="bbox 132 1712 1458 1765; baseline 0.004 -16"><span class='ocrx_word' id='word_1_198' title='bbox 132 1712 237 1750; x_wconf 91' lang='lat' dir='ltr'>venit</span> <span class='ocrx_word' id='word_1_199' title='bbox 284 1712 417 1763; x_wconf 87' lang='lat' dir='ltr'>ibique</span> <span class='ocrx_word' id='word_1_200' title='bbox 465 1716 645 1752; x_wconf 89' lang='lat' dir='ltr'>consules</span> <span class='ocrx_word' id='word_1_201' title='bbox 690 1715 1003 1765; x_wconf 86' lang='lat' dir='ltr'>Pompeiumque</span> <span class='ocrx_word' id='word_1_202' title='bbox 1042 1715 1215 1762; x_wconf 69' lang='lat' dir='ltr'>invenit,</span> <span class='ocrx_word' id='word_1_203' title='bbox 1261 1718 1458 1765; x_wconf 88' lang='lat' dir='ltr'>postulata</span> 
     </span>
     <span class='ocr_line' id='line_1_26' title="bbox 74 1777 1493 1830; baseline 0.003 -17"><span class='ocrx_word' id='word_1_204' title='bbox 74 1791 111 1822; x_wconf 89' lang='lat'>25</span> <span class='ocrx_word' id='word_1_205' title='bbox 133 1777 309 1815; x_wconf 84' lang='lat' dir='ltr'>Caesaris</span> <span class='ocrx_word' id='word_1_206' title='bbox 331 1778 535 1816; x_wconf 88' lang='lat' dir='ltr'>renuntiat.</span> <span class='ocrx_word' id='word_1_207' title='bbox 598 1779 659 1817; x_wconf 90' lang='lat' dir='ltr'>Illi</span> <span class='ocrx_word' id='word_1_208' title='bbox 681 1780 894 1818; x_wconf 86' lang='lat' dir='ltr'>deliberata</span> <span class='ocrx_word' id='word_1_209' title='bbox 915 1794 956 1818; x_wconf 79' lang='lat' dir='ltr'>re</span> <span class='ocrx_word' id='word_1_210' title='bbox 975 1782 1215 1830; x_wconf 90' lang='lat' dir='ltr'>respondent</span> <span class='ocrx_word' id='word_1_211' title='bbox 1236 1780 1457 1830; x_wconf 85' lang='lat' dir='ltr'>scriptaque</span> <span class='ocrx_word' id='word_1_212' title='bbox 1479 1797 1493 1817; x_wconf 87' lang='lat'><em>2</em></span> 
     </span>
     <span class='ocr_line' id='line_1_27' title="bbox 130 1842 1456 1894; baseline 0.002 -15"><span class='ocrx_word' id='word_1_213' title='bbox 130 1842 181 1879; x_wconf 93' lang='lat' dir='ltr'>ad</span> <span class='ocrx_word' id='word_1_214' title='bbox 206 1855 296 1880; x_wconf 87' lang='lat' dir='ltr'>eum</span> <span class='ocrx_word' id='word_1_215' title='bbox 322 1844 507 1881; x_wconf 87' lang='lat' dir='ltr'>mandata</span> <span class='ocrx_word' id='word_1_216' title='bbox 534 1857 602 1893; x_wconf 90' lang='lat' dir='ltr'>per</span> <span class='ocrx_word' id='word_1_217' title='bbox 629 1845 791 1882; x_wconf 88' lang='lat' dir='ltr'>eosdem</span> <span class='ocrx_word' id='word_1_218' title='bbox 819 1844 1032 1891; x_wconf 89' lang='lat' dir='ltr'>remittunt,</span> <span class='ocrx_word' id='word_1_219' title='bbox 1057 1857 1224 1894; x_wconf 87' lang='lat' dir='ltr'>quorum</span> <span class='ocrx_word' id='word_1_220' title='bbox 1252 1845 1350 1882; x_wconf 89' lang='lat' dir='ltr'>haec</span> <span class='ocrx_word' id='word_1_221' title='bbox 1377 1853 1456 1883; x_wconf 89' lang='lat' dir='ltr'>erat</span> 
     </span>
    </p>

    <p class='ocr_par' dir='ltr' id='par_1_4' title="bbox 129 1907 1492 2086">
     <span class='ocr_line' id='line_1_28' title="bbox 130 1907 1492 1957; baseline 0.001 -14"><span class='ocrx_word' id='word_1_222' title='bbox 130 1918 305 1944; x_wconf 88' lang='lat' dir='ltr'>summa:</span> <span class='ocrx_word' id='word_1_223' title='bbox 338 1908 482 1946; x_wconf 91' lang='lat' dir='ltr'>Caesar</span> <span class='ocrx_word' id='word_1_224' title='bbox 502 1907 542 1945; x_wconf 91' lang='lat' dir='ltr'>in</span> <span class='ocrx_word' id='word_1_225' title='bbox 564 1908 732 1946; x_wconf 86' lang='lat' dir='ltr'>Galliam</span> <span class='ocrx_word' id='word_1_226' title='bbox 754 1916 1017 1956; x_wconf 90' lang='lat' dir='ltr'>reverteretur,</span> <span class='ocrx_word' id='word_1_227' title='bbox 1035 1908 1215 1947; x_wconf 87' lang='lat' dir='ltr'>Arimino</span> <span class='ocrx_word' id='word_1_228' title='bbox 1237 1910 1452 1957; x_wconf 77' lang='lat' dir='ltr'>excederet,</span> <span class='ocrx_word' id='word_1_229' title='bbox 1475 1916 1492 1945; x_wconf 78' lang='lat'>3</span> 
     </span>
     <span class='ocr_line' id='line_1_29' title="bbox 129 1970 1455 2023; baseline 0.002 -16"><span class='ocrx_word' id='word_1_230' title='bbox 129 1970 317 2008; x_wconf 86' lang='lat' dir='ltr'>exercitus</span> <span class='ocrx_word' id='word_1_231' title='bbox 357 1971 592 2019; x_wconf 77' lang='lat' dir='ltr'>dimitteret3</span> <span class='ocrx_word' id='word_1_232' title='bbox 633 1986 733 2022; x_wconf 89' lang='lat' dir='ltr'>quae</span> <span class='ocrx_word' id='word_1_233' title='bbox 772 1972 809 2010; x_wconf 50' lang='lat' dir='ltr'>si*</span> <span class='ocrx_word' id='word_1_234' title='bbox 843 1973 1008 2020; x_wconf 88' lang='lat' dir='ltr'>fecisset,</span> <span class='ocrx_word' id='word_1_235' title='bbox 1045 1973 1278 2023; x_wconf 90' lang='lat' dir='ltr'>Pompeium</span> <span class='ocrx_word' id='word_1_236' title='bbox 1312 1973 1351 2010; x_wconf 93' lang='lat' dir='ltr'>in</span> <span class='ocrx_word' id='word_1_237' title='bbox 1385 1973 1455 2010; x_wconf 92' lang='lat' dir='ltr'>Hi-</span> 
     </span>
     <span class='ocr_line' id='line_1_30' title="bbox 129 2033 1491 2086; baseline 0.002 -15"><span class='ocrx_word' id='word_1_238' title='bbox 129 2033 283 2082; x_wconf 91' lang='lat' dir='ltr'>spanias</span> <span class='ocrx_word' id='word_1_239' title='bbox 310 2034 463 2073; x_wconf 90' lang='lat' dir='ltr'>iturum.</span> <span class='ocrx_word' id='word_1_240' title='bbox 525 2037 690 2082; x_wconf 89' lang='lat' dir='ltr'>Interea,</span> <span class='ocrx_word' id='word_1_241' title='bbox 713 2038 845 2086; x_wconf 91' lang='lat' dir='ltr'>quoad</span> <span class='ocrx_word' id='word_1_242' title='bbox 875 2038 972 2076; x_wconf 91' lang='lat' dir='ltr'>fides</span> <span class='ocrx_word' id='word_1_243' title='bbox 1000 2045 1101 2075; x_wconf 87' lang='lat' dir='ltr'>esset</span> <span class='ocrx_word' id='word_1_244' title='bbox 1126 2038 1218 2075; x_wconf 89' lang='lat' dir='ltr'>data</span> <span class='ocrx_word' id='word_1_245' title='bbox 1246 2038 1453 2075; x_wconf 88' lang='lat' dir='ltr'>Caesarem</span> <span class='ocrx_word' id='word_1_246' title='bbox 1472 2052 1491 2081; x_wconf 86' lang='lat'><strong>4</strong></span> 
     </span>
    </p>

    <p class='ocr_par' dir='ltr' id='par_1_5' title="bbox 72 2099 1453 2214">
     <span class='ocr_line' id='line_1_31' title="bbox 72 2099 1453 2150; baseline 0.002 -15"><span class='ocrx_word' id='word_1_247' title='bbox 72 2113 110 2143; x_wconf 79' lang='lat'>30</span> <span class='ocrx_word' id='word_1_248' title='bbox 129 2099 321 2136; x_wconf 83' lang='lat' dir='ltr'>facturum</span> <span class='ocrx_word' id='word_1_249' title='bbox 363 2113 463 2149; x_wconf 89' lang='lat' dir='ltr'>quae</span> <span class='ocrx_word' id='word_1_250' title='bbox 506 2100 764 2150; x_wconf 90' lang='lat' dir='ltr'>polliceretur,</span> <span class='ocrx_word' id='word_1_251' title='bbox 806 2114 886 2139; x_wconf 91' lang='lat' dir='ltr'>non</span> <span class='ocrx_word' id='word_1_252' title='bbox 935 2101 1222 2140; x_wconf 87' lang='lat' dir='ltr'>intermissuros</span> <span class='ocrx_word' id='word_1_253' title='bbox 1273 2102 1453 2139; x_wconf 90' lang='lat' dir='ltr'>consules</span> 
     </span>
     <span class='ocr_line' id='line_1_32' title="bbox 130 2163 648 2214; baseline 0.006 -14"><span class='ocrx_word' id='word_1_254' title='bbox 130 2163 443 2214; x_wconf 89' lang='lat' dir='ltr'>Pompeiumque</span> <span class='ocrx_word' id='word_1_255' title='bbox 472 2164 648 2203; x_wconf 89' lang='lat' dir='ltr'>dilectus.</span> 
     </span>
    </p>
   </div>
   <div class='ocr_carea' id='block_1_3' title="bbox 129 2266 1450 2349">
    <p class='ocr_par' dir='ltr' id='par_1_6' title="bbox 129 2266 1450 2349">
     <span class='ocr_line' id='line_1_33' title="bbox 172 2266 1450 2312; baseline 0.002 -16"><span class='ocrx_word' id='word_1_256' title='bbox 172 2274 190 2304; x_wconf 90' lang='lat'><strong>5</strong></span> <span class='ocrx_word' id='word_1_257' title='bbox 216 2266 327 2305; x_wconf 90' lang='lat' dir='ltr'>populi</span> <span class='ocrx_word' id='word_1_258' title='bbox 355 2267 498 2297; x_wconf 79' lang='lat' dir='ltr'>Romani</span> <span class='ocrx_word' id='word_1_259' title='bbox 523 2267 724 2297; x_wconf 81' lang='lat' dir='ltr'>beneficium</span> <span class='ocrx_word' id='word_1_260' title='bbox 740 2266 871 2299; x_wconf 75' lang='lat' dir='ltr'>Aldus:</span> <span class='ocrx_word' id='word_1_261' title='bbox 891 2278 918 2312; x_wconf 66' lang='lat'>(9</span> <span class='ocrx_word' id='word_1_262' title='bbox 942 2268 1108 2299; x_wconf 87' lang='lat' dir='ltr'>beneficio</span> <span class='ocrx_word' id='word_1_263' title='bbox 1124 2268 1161 2298; x_wconf 92' lang='lat' dir='ltr'><em>X</em></span> <span class='ocrx_word' id='word_1_264' title='bbox 1248 2279 1309 2308; x_wconf 85' lang='lat' dir='ltr'>per</span> <span class='ocrx_word' id='word_1_265' title='bbox 1333 2273 1450 2299; x_wconf 85' lang='lat' dir='ltr'>contu-</span> 
     </span>
     <span class='ocr_line' id='line_1_34' title="bbox 129 2308 1449 2349; baseline 0.003 -11"><span class='ocrx_word' id='word_1_266' title='bbox 129 2310 260 2339; x_wconf 87' lang='lat' dir='ltr'>meliam</span> <span class='ocrx_word' id='word_1_267' title='bbox 281 2308 384 2340; x_wconf 76' lang='lat' dir='ltr'><em>U&#39;T&#39;:</em></span> <span class='ocrx_word' id='word_1_268' title='bbox 408 2311 609 2340; x_wconf 86' lang='lat' dir='ltr'>contumelia</span> <span class='ocrx_word' id='word_1_269' title='bbox 626 2311 674 2340; x_wconf 89' lang='lat' dir='ltr'>Dl</span> <span class='ocrx_word' id='word_1_270' title='bbox 763 2321 799 2349; x_wconf 89' lang='lat'>17</span> <span class='ocrx_word' id='word_1_271' title='bbox 825 2321 944 2342; x_wconf 87' lang='lat' dir='ltr'>omnes</span> <span class='ocrx_word' id='word_1_272' title='bbox 960 2315 1034 2341; x_wconf 81' lang='lat' dir='ltr'>ante</span> <span class='ocrx_word' id='word_1_273' title='bbox 1050 2312 1082 2341; x_wconf 87' lang='lat' dir='ltr'>in</span> <span class='ocrx_word' id='word_1_274' title='bbox 1104 2312 1149 2342; x_wconf 76' lang='lat' dir='ltr'>U&#39;</span> <span class='ocrx_word' id='word_1_275' title='bbox 1248 2314 1285 2342; x_wconf 84' lang='lat'>18</span> <span class='ocrx_word' id='word_1_276' title='bbox 1310 2323 1328 2341; x_wconf 84' lang='lat' dir='ltr'>e</span> <span class='ocrx_word' id='word_1_277' title='bbox 1350 2312 1449 2342; x_wconf 74' lang='lat' dir='ltr'><strong><em>U‘T‘:</em></strong></span> 
     </span>
    </p>
   </div>
   <div class='ocr_carea' id='block_1_4' title="bbox 129 2350 1451 2426">
    <p class='ocr_par' dir='ltr' id='par_1_7' title="bbox 129 2350 1451 2426">
     <span class='ocr_line' id='line_1_35' title="bbox 129 2350 1451 2391; baseline 0.002 -10"><span class='ocrx_word' id='word_1_278' title='bbox 129 2362 148 2380; x_wconf 82' lang='lat' dir='ltr'>a</span> <span class='ocrx_word' id='word_1_279' title='bbox 165 2350 223 2381; x_wconf 73' lang='lat' dir='ltr'>D‘l</span> <span class='ocrx_word' id='word_1_280' title='bbox 372 2363 412 2391; x_wconf 82' lang='lat'>25</span> <span class='ocrx_word' id='word_1_281' title='bbox 439 2363 474 2383; x_wconf 87' lang='lat' dir='ltr'>re</span> <span class='ocrx_word' id='word_1_282' title='bbox 494 2353 568 2383; x_wconf 82' lang='lat' dir='ltr'>add.</span> <span class='ocrx_word' id='word_1_283' title='bbox 590 2354 708 2384; x_wconf 79' lang='lat' dir='ltr'>Gruter</span> <span class='ocrx_word' id='word_1_284' title='bbox 883 2356 925 2385; x_wconf 78' lang='lat'>26</span> <span class='ocrx_word' id='word_1_285' title='bbox 949 2355 1087 2385; x_wconf 85' lang='lat' dir='ltr'>eosdem</span> <span class='ocrx_word' id='word_1_286' title='bbox 1105 2355 1366 2385; x_wconf 78' lang='lat' dir='ltr'>Holomannus:</span> <span class='ocrx_word' id='word_1_287' title='bbox 1392 2365 1451 2385; x_wconf 83' lang='lat' dir='ltr'>eos</span> 
     </span>
     <span class='ocr_line' id='line_1_36' title="bbox 129 2393 409 2426; baseline 0.007 -2"><span class='ocrx_word' id='word_1_288' title='bbox 129 2393 265 2425; x_wconf 79' lang='lat' dir='ltr'><strong><em>D‘L‘V:</em></strong></span> <span class='ocrx_word' id='word_1_289' title='bbox 291 2405 354 2425; x_wconf 85' lang='lat' dir='ltr'>om.</span> <span class='ocrx_word' id='word_1_290' title='bbox 380 2396 409 2426; x_wconf 88' lang='lat' dir='ltr'><em>T</em></span> 
     </span>
    </p>
   </div>
  </div>
 </body>
</html>
