1705 2729
561 116 563 118 ¹
607 120 650 159 C.
685 120 802 157 IVLI
833 118 1102 158 CAESARIS

193 231 282 269 teris
309 230 488 280 perlectis
520 229 719 268 Domitius
749 229 1000 268 dissimulans
1027 229 1066 267 in
1097 228 1262 267 consilio
1292 228 1517 278 pronuntiat

194 294 426 344 Pompeium
454 294 629 332 celeriter
656 293 834 332 subsidio
860 302 1067 332 venturum
1092 295 1346 343 hortaturque
1373 308 1441 332 eos
1468 308 1517 332 ne

191 359 324 397 animo
356 359 541 397 deficiant
575 372 755 409 quaeque
790 358 876 397 usui
909 359 960 397 ad
995 359 1290 397 defendendum
1325 358 1516 408 oppidum

156 423 268 461 2sint
306 431 451 472 parent.
532 426 623 473 Ipse
661 437 804 462 arcano
843 437 932 461 cum
972 422 1106 472 paucis
1146 422 1399 462 familiaribus
1438 423 1517 462 suis

155 488 428 537 ficolloquitur
465 488 754 538 consiliumque
793 489 906 537 fugae
944 501 1083 536 capere
1128 487 1339 526 constituit.
1413 489 1515 527 Cum
1537 496 1554 528 5

191 554 319 591 vultus
348 553 499 591 Domiti
529 567 619 591 cum
650 552 826 591 oratione
857 566 937 591 non
969 552 1206 591 consentiret
1237 560 1355 602 atque
1384 553 1518 591 omnia

192 617 448 666 trepidantius
480 618 735 669 timidiusque
768 626 899 669 ageret
930 632 1049 668 quam
1081 618 1345 668 superioribus
1377 618 1517 657 diebus

190 690 418 721 consuesset
450 685 697 734 multumque
726 698 816 722 cum
847 683 926 722 suis
957 683 1191 722 consiliandi
1222 697 1338 721 causa
1368 691 1517 721 secreto

190 755 340 795 praeter
361 748 688 787 consuetudinem
711 750 1009 798 colloqueretur,
1032 747 1199 786 concilia
1220 755 1517 797 conventusque

190 811 395 849 hominum
417 813 576 862 fugeret,
595 827 654 851 res
675 813 821 852 diutius
842 812 919 862 tegi
940 812 1254 862 dissimularique
1275 825 1355 850 non
1376 811 1513 861 potuit.

153 886 170 914 4
192 876 402 926 Pompeius
423 876 528 915 enim
550 877 796 927 rescripserat
816 891 901 916 sese
917 891 997 916 rem
1020 877 1058 915 in
1081 890 1278 915 summurn
1300 876 1516 926 periculum

190 941 451 979 deducturum
492 955 571 980 non
611 955 707 988 esse,
742 955 870 991 neque
910 955 981 979 suo
1015 940 1181 979 consilio
1219 949 1285 979 aut
1316 942 1517 979 voluntate

193 1004 412 1043 Domitium
435 1019 475 1044 se
496 1005 535 1043 in
557 1006 747 1056 oppidum
770 1005 989 1045 Corfinium
1017 1005 1228 1044 contulisse
1248 1020 1254 1043 :
1286 1005 1462 1055 proinde,
1485 1005 1516 1043 si

153 1084 169 1113 5
191 1083 267 1119 qua
283 1069 417 1108 fuisset
433 1071 605 1117 facultas,
621 1072 672 1108 ad
689 1084 729 1108 se
745 1084 836 1108 cum
853 1069 1037 1108 omnibus
1054 1069 1177 1119 copiis
1194 1069 1350 1108 veniret.
1398 1071 1445 1108 Id
1466 1084 1516 1108 ne

191 1133 271 1172 fieri
292 1142 435 1183 posset,
458 1134 666 1173 obsidione
685 1142 804 1184 atque
825 1134 961 1184 oppidi
982 1134 1351 1173 circummunitione
1371 1135 1499 1173 fiebat.

118 1202 170 1230 20
246 1199 456 1249 Divulgato
479 1199 631 1238 Domiti
651 1199 817 1238 consilio
839 1199 980 1237 milites
1002 1199 1069 1249 qui
1090 1206 1199 1237 erant
1220 1198 1368 1239 Corfini
1390 1199 1516 1248 primo

189 1263 339 1312 vesperi
367 1263 629 1302 secessionem
654 1264 801 1302 faciunt
828 1273 946 1314 atque
967 1264 1019 1301 ita
1040 1264 1139 1302 inter
1159 1277 1200 1302 se
1220 1277 1288 1313 per
1315 1264 1515 1302 tribunum

190 1327 357 1366 militum
400 1328 728 1378 centurionesque
766 1336 884 1378 atque
929 1328 1228 1366 honestissimos
1268 1329 1327 1366 sui
1364 1327 1515 1379 generis

154 1404 168 1425 2
190 1393 492 1441 colloquuntur:
523 1392 695 1431 obsideri
720 1406 760 1431 se
786 1406 809 1430 a
830 1394 997 1432 Caesare
1012 1407 1022 1440 ,-
1053 1406 1171 1442 opera
1198 1393 1516 1443 munitionesque

189 1470 311 1506 prope
345 1470 429 1495 esse
463 1458 677 1506 perfectas,
719 1458 861 1495 ducem
897 1470 1011 1495 suum
1048 1457 1280 1505 Domitium,
1307 1457 1417 1496 cuius
1447 1471 1515 1508 spe

188 1528 306 1570 atque
336 1521 480 1560 fiducia
506 1521 801 1570 permanserint,
828 1521 1011 1571 proiectis
1039 1521 1223 1560 omnibus
1250 1523 1364 1572 fugae
1392 1522 1516 1561 consi-

152 1599 169 1628 3
189 1585 284 1623 lium
305 1599 443 1636 capere
457 1601 467 1634 3
497 1587 641 1624 debere
669 1600 709 1624 se
736 1600 828 1624 suae
854 1586 987 1625 salutis
1017 1586 1208 1625 rationem
1238 1588 1391 1626 habere.
1450 1588 1516 1626 Ab

189 1650 248 1688 his
268 1650 394 1699 primo
417 1651 538 1689 Marsi
562 1650 768 1689 dissentire
795 1651 988 1701 incipiunt
1014 1665 1181 1702 eamque
1205 1652 1341 1702 oppidi
1365 1660 1515 1703 partem

188 1730 289 1766 quae
324 1718 585 1756 munitissima
618 1718 813 1757 videretur
847 1727 1054 1769 occupant,
1086 1728 1272 1770 tantaque
1310 1718 1410 1757 inter
1448 1732 1514 1757 eos

189 1781 381 1821 dissensio
402 1783 548 1821 exsistit
570 1791 611 1821 ut
632 1797 794 1822 manum
819 1797 1024 1823 conserere
1044 1793 1163 1835 atque
1187 1784 1303 1824 armis
1329 1783 1515 1823 dimicare

150 1855 406 1895 4conentur3
453 1856 542 1898 post
580 1850 698 1898 paulo
738 1856 870 1887 tamen
913 1849 1161 1888 internuntiis
1199 1852 1301 1888 ultro
1339 1849 1515 1898 citroque

189 1911 326 1958 missis,
363 1925 463 1961 quae
502 1913 733 1962 ignorabant
772 1916 822 1952 de
858 1916 899 1952 L.
940 1915 1092 1953 Domiti
1130 1916 1221 1965 fuga
1258 1921 1511 1964 cognoscunt.

150 1985 166 2014 5
190 1977 328 2024 Itaque
353 1990 490 2015 omnes
518 1991 598 2016 uno
626 1978 791 2016 consilio
815 1978 1036 2017 Domitium
1064 1981 1301 2029 productum
1325 1978 1365 2016 in
1391 1977 1514 2028 publi-

187 2053 277 2078 cum
304 2040 595 2079 circumsistunt
622 2049 659 2080 et
687 2042 915 2081 custodiunt
942 2045 1169 2093 legatosque
1190 2057 1236 2082 ex
1256 2056 1327 2081 suo
1347 2055 1512 2080 numero

1540 823 1578 845 10

1537 1469 1576 1491 20

1536 1794 1573 1825 25

186 2105 237 2142 ad
276 2105 485 2144 Caesarem
524 2106 707 2145 mittunt:
756 2120 841 2145 sese
877 2115 1034 2157 paratos
1073 2122 1158 2146 esse
1195 2115 1325 2158 portas
1363 2107 1510 2157 aperire
1530 2117 1572 2149 30

187 2182 367 2219 quaeque
391 2170 636 2219 imperaverit
663 2173 789 2210 facere
820 2179 857 2210 et
885 2174 927 2210 L.
954 2172 1174 2211 Domitium
1201 2172 1332 2211 vivum
1361 2171 1400 2210 in
1429 2171 1512 2210 eius

187 2241 422 2283 potestatem
447 2237 608 2274 tradere.

236 2338 275 2367 16
300 2338 408 2377 primo
430 2337 474 2367 V:
502 2339 607 2377 prima
625 2337 746 2368 D‘L'T
834 2350 870 2378 17
902 2340 1058 2371 tribunos
1074 2339 1256 2371 Beroaldus
1323 2350 1361 2378 31
1389 2340 1422 2370 in
1441 2340 1513 2371 eius

190 2382 410 2422 potestatem]
435 2381 506 2412 eius
531 2383 688 2421 potestati
712 2382 747 2412 T‘
