1705 2729
121 366 172 413 84

620 133 663 170 C.
698 133 811 169 IVLI
845 133 1112 171 CAESARIS

191 243 369 291 agebant,
396 257 468 282 nec
498 243 639 292 quibus
666 244 880 282 rationibus
908 258 1088 294 superare
1114 255 1273 294 possent
1301 247 1369 284 sed
1398 260 1515 296 quem

192 309 242 345 ad
264 308 426 346 modum
450 307 503 345 uti
525 307 684 346 victoria
705 309 893 346 deberent
913 308 1147 357 cogitabant.

248 373 308 409 Re
347 371 597 410 frumentaria
636 380 861 422 praeparata
899 372 1217 422 confirmatisque
1258 373 1444 413 militibus
1480 382 1517 413 et

192 435 283 473 satis
322 437 440 485 longo
479 436 604 486 spatio
643 436 829 486 temporis
867 450 889 474 a
923 437 1172 486 Dyrrachinis
1212 438 1366 487 proeliis
1405 438 1517 477 inter-

193 499 321 546 misso,
346 513 425 550 quo
455 500 545 538 satis
576 508 823 550 perspectum
854 502 997 540 habere
1028 501 1194 540 militum
1221 503 1394 540 animum
1414 503 1517 542 vide-

192 572 303 611 retur,
337 566 609 615 temptandum
646 567 789 604 Caesar
819 565 1050 604 existimavit
1085 566 1273 615 quidnam
1305 566 1517 616 Pompeius

155 640 169 661 2
192 629 379 679 propositi
413 637 479 668 aut
513 630 722 668 voluntatis
754 632 804 668 ad
843 630 1113 669 dimicandum
1145 631 1315 669 haberet.
1378 632 1517 681 Itaque

121 1787 173 1833 85

157 1935 170 1955 2

191 708 237 732 ex
276 694 409 732 castris
452 695 662 733 exercitum
702 695 835 734 eduxit
872 696 1078 746 aciemque
1117 695 1304 743 instruxit,
1347 695 1515 746 primum

191 759 269 797 suis
299 759 394 798 locis
422 762 619 810 pauloque
646 775 669 798 a
695 761 828 799 castris
851 761 1012 812 Pompei
1035 761 1198 812 longius,
1222 760 1515 800 continentibus

191 838 281 862 vero
321 825 469 871 diebus,
508 833 549 863 ut
587 827 882 875 progrederetur
919 840 942 864 a
980 826 1113 864 castris
1153 826 1230 864 suis
1270 825 1516 875 collibusque

194 889 442 939 Pompeianis
471 890 595 928 aciem
626 890 829 929 subiceret.
890 892 1003 939 Quae
1035 904 1094 929 res
1129 890 1168 928 in
1198 890 1282 929 dies
1314 891 1516 928 confirma-

191 952 329 991 tiorem
351 953 432 991 eius
454 954 664 993 exercitum
687 955 888 993 efficiebat.
936 955 1120 1006 Superius
1142 963 1274 994 tamen
1296 955 1515 993 institutum

191 1017 230 1054 in
265 1017 461 1068 equitibus
492 1020 600 1069 quod
634 1019 987 1059 demonstravimus
1023 1021 1211 1067 servabat,
1243 1028 1294 1066 ut,
1329 1019 1516 1069 quoniam

191 1095 355 1120 numero
387 1082 517 1121 multis
550 1082 723 1132 partibus
758 1092 858 1122 esset
897 1084 1063 1131 inferior,
1097 1083 1358 1122 adulescentis
1397 1090 1516 1133 atque

191 1146 393 1196 expeditos
424 1162 469 1186 ex
498 1148 786 1197 antesignanis†
814 1148 947 1187 electis
974 1149 1115 1188 milites
1142 1151 1192 1188 ad
1219 1148 1515 1199 pernicitatem†

191 1212 306 1250 armis
328 1212 427 1251 inter
447 1213 597 1263 equites
622 1213 799 1263 proeliari
821 1213 980 1262 iuberet,
1005 1215 1071 1265 qui
1093 1215 1290 1253 cotidiana
1311 1222 1516 1253 consuetu-

192 1277 284 1315 dine
323 1291 437 1316 usum
476 1291 635 1328 quoque
674 1279 755 1317 eius
794 1280 944 1329 generis
984 1280 1220 1330 proeliorum
1259 1279 1512 1330 perciperent.

195 1342 270 1380 His
287 1351 366 1381 erat
387 1343 502 1382 rebus
523 1345 716 1391 effectum,
734 1352 775 1383 ut
796 1345 971 1394 equitum
995 1345 1099 1383 mille
1120 1345 1237 1384 etiam
1258 1344 1516 1395 apertioribus

191 1406 287 1445 locis
327 1420 383 1445 vu
423 1407 573 1446 milium
613 1408 943 1459 Pompeianorum
987 1409 1187 1459 impetum,
1229 1423 1319 1448 curn
1361 1410 1516 1448 adesset

192 1485 294 1519 usuS‚
323 1471 512 1511 sustinere
541 1474 729 1512 auderent
759 1487 887 1523 neque
917 1487 1153 1524 magnopere
1182 1487 1317 1512 eorum
1347 1472 1517 1511 multitu-

192 1536 283 1575 dine
316 1545 556 1576 terrerentur.
631 1540 814 1588 Namque
849 1538 965 1578 etiam
1000 1553 1068 1589 per
1106 1552 1173 1578 eos
1205 1539 1288 1577 dies
1323 1537 1515 1589 proelium

192 1603 411 1639 secundum
442 1609 621 1652 equestre
650 1602 740 1641 fecit
769 1610 887 1652 atque
917 1617 1040 1642 unum
1062 1604 1316 1653 Allobrogem
1347 1617 1393 1641 ex
1422 1603 1517 1642 duo-

192 1665 266 1703 bus
300 1679 399 1714 quos
433 1666 645 1716 perfugisse
679 1667 730 1706 ad
763 1667 997 1718 Pompeium
1037 1681 1153 1718 supra
1187 1667 1394 1706 docuimus
1426 1681 1517 1705 cum

193 1729 428 1779 quibusdam
450 1730 650 1769 interfecit.

248 1793 470 1843 Pompeius,
494 1794 560 1844 qui
581 1803 705 1834 castra
725 1796 764 1834 in
786 1798 886 1836 colle
906 1797 1088 1844 habebat,
1111 1799 1162 1836 ad
1188 1797 1342 1836 infimas
1367 1796 1516 1836 radices

193 1857 336 1896 montis
360 1857 485 1896 aciem
506 1858 732 1907 instruebat,
756 1875 910 1911 semper
937 1870 980 1900 ut
1000 1862 1205 1901 videbatur
1232 1868 1461 1912 exspectans
1485 1860 1517 1899 si

192 1921 335 1971 iniquis
362 1921 456 1961 locis
487 1924 631 1962 Caesar
658 1938 698 1962 se
728 1925 931 1964 subiceret.
992 1927 1136 1965 Caesar
1162 1927 1269 1964 nulla
1292 1925 1441 1964 ratione
1466 1926 1517 1963 ad

192 1999 363 2035 pugnarn
385 1985 469 2024 elici
492 2000 607 2036 posse
629 1989 862 2038 Pompeium
884 1990 1108 2028 existimans
1129 1991 1230 2028 hanc
1252 1990 1325 2028 sibi
1346 2003 1518 2028 commo-

192 2049 394 2089 dissimam
434 2051 525 2089 belli
558 2052 748 2091 rationem
788 2053 973 2092 iudicavit
1011 2054 1066 2092 uti
1101 2061 1225 2092 castra
1263 2067 1309 2092 ex
1347 2068 1394 2092 eo
1429 2055 1517 2093 loco

193 2122 366 2153 moveret
400 2128 631 2166 semperque
663 2124 764 2155 esset
798 2117 837 2154 in
872 2117 1084 2164 itineribus,
1119 2119 1216 2156 haec
1255 2126 1435 2167 spectans
1475 2126 1517 2156 ut

239 2227 251 2246 1
280 2228 342 2248 nec
358 2218 467 2249 EVL2
485 2230 492 2248 z
516 2229 558 2250 ne
575 2219 689 2250 DL'T
776 2231 795 2259 5
819 2222 967 2252 animum
984 2221 1056 2252 add.
1077 2221 1163 2252 codd.
1183 2232 1251 2252 recc.
1344 2222 1365 2251 6
1390 2222 1518 2253 Caesar·

195 2261 261 2292 L2:
285 2271 348 2291 om.
370 2265 432 2292 cett.
563 2272 601 2302 15
626 2264 747 2294 milites
763 2264 822 2294 dcl.
839 2264 1038 2305 Nz'ppcrdqy:
1063 2265 1188 2295 electos
1206 2264 1342 2295 mutatis
1358 2265 1515 2306 Madvig:

194 2304 318 2335 milites
335 2305 452 2335 electis
469 2304 584 2345 Mcngc
773 2318 814 2337 22
839 2318 939 2338 unum
957 2308 1020 2340 D':
1046 2319 1166 2338 uncum
1183 2308 1274 2338 L'T:
1300 2308 1432 2339 uincum
1451 2309 1514 2340 L2’:

193 2357 291 2391 egum
315 2348 344 2376 V
551 2360 591 2389 25
616 2350 689 2390 qui]
707 2351 785 2389 quia
802 2350 847 2380 D'
1067 2362 1106 2390 27
1132 2362 1169 2382 se
1186 2352 1367 2392 subiceret]
1387 2363 1454 2384 om.
1471 2351 1517 2381 D'

193 2391 321 2420 Caesar
338 2391 399 2423 L'·':
427 2402 490 2422 om.
511 2396 575 2424 cett.
709 2404 750 2432 3ο
775 2399 930 2433 spectans
953 2395 1172 2426 Vascosanus:
1199 2405 1340 2434 sperans
1356 2394 1393 2424 X

1540 844 1577 865 10

1537 1483 1579 1505 20

1537 1807 1578 1839 25

1537 2129 1577 2159 30
