1705 2729
597 133 830 171 INCERTI
864 132 1144 171 AVCTORIS

205 243 316 282 cuius
337 243 473 294 copiae
498 243 696 293 legionum
719 255 791 280 vm
814 251 851 281 et
879 242 1054 292 equitum
1078 254 1121 280 111
1145 241 1295 280 milium
1323 255 1408 281 esse
1433 255 1530 281 nun-

167 321 184 351 3
205 308 629 347 tiabantur—officinas
664 307 837 346 ferrarias
868 307 1067 354 instruere,
1103 306 1260 357 sagittas
1298 308 1453 357 telaque
1487 314 1529 345 ut

204 375 340 411 fierent
370 374 572 422 complura
602 385 745 418 curare,
768 372 920 422 glandis
951 372 1124 418 fundere,
1152 371 1259 410 sudis
1289 384 1526 421 comparare,

203 437 347 475 litteras
369 437 407 474 in
429 437 600 475 Siciliam
628 436 867 486 nuntiosque
892 437 1055 483 mittere,
1079 444 1120 474 ut
1147 435 1220 474 sibi
1245 436 1358 474 cratis
1380 435 1529 474 materi-

202 515 345 551 emque
372 509 625 551 congererent
654 503 705 540 ad
735 502 884 549 arietes,
907 501 1017 540 cuius
1042 501 1174 551 inopia
1199 501 1237 539 in
1259 501 1390 539 Africa
1413 508 1526 548 esset,
1547 512 1565 544 5

161 574 399 616 4praeterea
437 567 591 613 ferrum,
632 567 839 616 plumbum
886 566 1110 604 mitteretur.
1183 565 1312 603 Etiam
1351 565 1527 603 animum

199 631 427 670 advertebat
457 633 653 670 frumento
683 644 724 669 se
754 631 793 669 in
813 631 945 670 Africa
975 631 1047 669 nisi
1069 630 1331 681 importaticio
1360 630 1416 668 uti
1446 643 1526 668 non

199 709 338 746 posse:
382 695 508 746 priore
537 709 642 734 anno
677 695 781 733 enim
817 704 975 746 propter
997 695 1312 734 adversariorum
1347 695 1524 742 dilectus,

199 762 307 811 quod
335 761 575 811 stipendiarii
603 768 772 799 aratores
802 761 944 799 milites
974 768 1104 799 essent
1130 761 1232 807 facti,
1256 773 1424 799 messem
1444 773 1525 798 non

198 838 283 864 esse
312 826 454 863 factam
470 840 480 872 ,-
518 833 715 875 praeterea
747 839 793 863 ex
824 825 931 864 omni
961 826 1093 864 Africa
1124 828 1363 864 frumentum
1393 826 1526 864 adver·
1547 837 1586 860 10

198 890 318 928 sarios
339 890 381 927 in
399 903 524 940 pauca
544 890 690 940 oppida
711 897 748 928 et
769 890 872 928 bene
893 890 1043 928 munita
1063 898 1330 941 comportasse
1350 903 1525 928 ornnem—

197 968 274 1004 que
304 955 502 1004 regionem
528 955 683 993 Africae
712 954 930 993 exinanisse
959 956 1167 1002 frumento,
1199 954 1346 1005 oppida
1374 962 1525 1005 praeter

197 1033 242 1058 ea
276 1033 402 1070 pauca
440 1033 540 1069 quae
579 1020 651 1070 ipsi
683 1020 761 1058 suis
796 1020 998 1070 praesidiis
1030 1019 1128 1058 tueri
1166 1027 1346 1070 poterant
1376 1018 1525 1069 reliqua

197 1084 297 1123 dirui
331 1098 377 1123 ac
415 1084 552 1131 deseri,
603 1092 641 1123 et
686 1098 821 1123 eorum
875 1084 1023 1123 incolas
1076 1084 1174 1122 intra
1224 1097 1293 1123 sua
1331 1083 1524 1134 praesidia

197 1149 371 1200 coegisse
392 1149 658 1199 commigrare,
682 1163 794 1200 agros
815 1150 990 1188 desertos
1010 1163 1055 1188 ac
1077 1156 1246 1188 vastatos
1267 1162 1362 1188 esse.
1545 1159 1582 1191 15

134 1234 176 1260 21
252 1216 342 1253 Hac
381 1215 612 1253 necessitate
645 1216 789 1254 Caesar
826 1222 986 1253 coactus
1024 1215 1193 1265 privatos
1231 1214 1446 1253 ambiendo
1484 1221 1523 1253 et

196 1280 341 1318 blande
371 1281 608 1330 appellando
641 1280 885 1330 aliquantum
918 1293 1125 1318 numerum
1164 1279 1348 1318 frumenti
1379 1280 1419 1317 in
1452 1292 1522 1318 sua

193 1344 386 1394 praesidia
405 1352 653 1394 congesserat
679 1352 717 1384 et
744 1358 791 1384 eo
820 1358 936 1395 parce
965 1345 1155 1383 utebatur.
1216 1345 1347 1395 Opera
1366 1344 1520 1382 interim

192 1409 275 1459 ipse
296 1410 441 1449 cotidie
468 1410 629 1449 circuire
656 1418 693 1449 et
720 1411 886 1449 alternas
917 1410 1088 1449 cohortis
1112 1410 1151 1448 in
1179 1410 1346 1449 statione
1375 1410 1521 1449 habere

155 1494 169 1514 2
191 1483 349 1525 propter
391 1475 564 1514 hostium
611 1475 914 1514 multitudinem.
986 1475 1184 1514 Labienus
1222 1475 1376 1514 saucios
1414 1489 1517 1524 suos,
1540 1490 1580 1512 20

191 1553 359 1589 quorum
384 1553 569 1579 numerus
600 1540 792 1579 maximus
816 1541 896 1587 fuit,
920 1540 1029 1579 iubet
1058 1540 1098 1578 in
1127 1539 1307 1591 plaustris
1328 1540 1518 1590 deligatos

153 1614 170 1644 3
192 1606 486 1644 Hadrumetum
511 1605 716 1655 deportari.
777 1607 907 1644 Naves
937 1605 1091 1644 interim
1113 1605 1290 1645 Caesaris
1319 1606 1518 1644 onerariae

190 1670 433 1708 errabundae
454 1671 555 1708 male
576 1670 815 1720 vagabantur
841 1670 1011 1708 incertae
1035 1672 1212 1708 locorum
1235 1677 1354 1720 atque
1378 1678 1518 1709 castro-

189 1748 274 1772 rum
310 1748 468 1773 suorum
486 1750 494 1782 3
537 1748 633 1785 quas
669 1734 839 1784 singulas
874 1736 1042 1785 scaphae
1073 1735 1382 1773 adversariorum
1413 1749 1517 1774 com-

149 1813 169 1842 4
188 1801 317 1849 plures
348 1801 508 1838 adortae
539 1800 806 1838 incendebant
843 1808 961 1850 atque
996 1801 1280 1850 expugnabant.
1355 1802 1445 1838 Hac
1476 1815 1516 1839 re
1536 1814 1573 1845 ²5

188 1865 366 1903 nuntiata
390 1865 534 1904 Caesar
557 1865 689 1903 classis
714 1865 860 1903 circum
891 1865 1036 1903 insulas
1065 1872 1280 1915 portusque
1308 1864 1513 1915 disposuit,

187 1943 266 1980 quo
287 1930 406 1968 tutius
428 1938 672 1969 commeatus
693 1930 911 1981 supportari
931 1938 1073 1980 posset.

116 2003 167 2031 22
242 1996 297 2032 M.
333 1995 434 2034 Cato
474 1995 639 2042 interim,
673 1995 740 2045 qui
774 1995 916 2035 Uticae
949 2003 1134 2045 praeerat,
1171 1997 1243 2035 Cn.
1279 1995 1513 2046 Pompeium

187 2059 309 2096 filium
344 2059 475 2097 multis
507 2059 634 2098 verbis
667 2059 904 2109 assidueque
938 2060 1141 2109 obiurgare
1172 2073 1253 2098 non
1287 2061 1510 2099 desistebat.

151 2142 165 2162 2
189 2126 345 2171 ‘Tuus‚²
365 2124 501 2174 inquit,
528 2128 661 2175 ‘pater
686 2125 786 2163 istuc
812 2125 948 2164 aetatis
978 2138 1067 2163 cum
1089 2133 1191 2163 esset
1217 2132 1254 2163 et
1274 2126 1514 2164 animadver-
1533 2137 1574 2167 30

231 2236 244 2256 1
272 2226 366 2257 cuius
383 2225 447 2257 L':
471 2238 611 2266 quorum
628 2227 720 2258 D'T'
845 2239 861 2267 7
887 2229 1069 2268 importato
1092 2227 1121 2258 T
1253 2239 1290 2267 14
1315 2229 1426 2259 deseri
1443 2228 1512 2260 D':

184 2269 290 2299 deleri
307 2271 329 2304 β
444 2280 482 2309 15
508 2276 665 2303 vacuatos
682 2271 710 2300 L
825 2273 863 2302 18
888 2277 921 2302 et
937 2276 1011 2302 ante
1027 2282 1067 2302 eo
1084 2282 1148 2302 om.
1170 2271 1220 2301 D‘
1321 2282 1358 2302 21
1386 2273 1510 2312 deliga-

183 2317 236 2343 tos
258 2312 294 2343 T‘
310 2325 316 2343 :
341 2314 514 2353 delegatos
531 2314 573 2344 Ll
589 2327 596 2346 :
620 2314 747 2346 om.D'
763 2327 769 2345 :
792 2315 959 2354 obligatos
969 2315 1096 2346 Kz'ibler
1226 2325 1266 2354 25
1284 2316 1511 2347 incendebant

182 2355 270 2387 codd.
292 2368 360 2387 mcc.
378 2369 384 2386 ε
410 2358 631 2389 incenderant
648 2357 686 2387 X
787 2360 829 2389 26
853 2359 979 2390 Caesar
994 2358 1159 2400 Scaliger:
1183 2359 1321 2390 Caesari
1339 2359 1376 2389 X
1470 2369 1510 2398 27

182 2401 383 2439 comportari
400 2400 444 2430 D'
