1705 2729
74 846 109 867 10

66 1491 104 1513 20

64 1816 101 1846 25

454 147 529 183 DE
559 144 739 183 BELLO
769 144 947 183 CIVILI
978 144 1080 181 LIB.
1114 145 1131 180 I

133 257 269 295 consul
301 269 504 306 passurum
536 255 575 292 in
607 254 825 304 praesentia
856 262 971 304 negat
987 268 996 301 3
1030 255 1080 293 de
1112 256 1257 293 Fausto
1287 253 1451 304 impedit

133 320 346 370 Philippus,
369 320 546 358 tribunus
570 319 706 369 plebis.
768 321 828 356 De
852 317 1008 368 reliquis
1036 319 1150 356 rebus
1178 325 1335 356 senatus
1362 332 1452 356 con-
1472 329 1489 360 5

131 386 231 423 sulta
260 384 559 434 perscribuntur.
621 383 849 422 Provinciae
876 383 1031 433 privatis
1053 384 1327 429 decernuntur,
1351 384 1452 421 duae

130 450 364 495 consulares,
405 448 575 498 reliquae
617 448 841 498 praetoriae.
912 447 1085 497 Scipioni
1130 447 1290 486 obvenit
1333 447 1450 497 Syria,

132 515 173 550 L.
199 512 375 551 Domitio
397 513 533 551 Gallia.
558 512 761 562 Philippus
789 520 827 550 et
854 513 972 551 Cotta
992 512 1141 561 privato
1163 512 1326 550 consilio
1348 526 1453 562 prae-

130 585 338 624 tereuntur,
380 590 508 627 neque
547 590 681 615 eorum
721 584 842 615 sortes
888 576 1117 615 deiciuntur.
1199 578 1246 614 In
1285 577 1451 626 reliquas

129 641 346 691 provincias
374 649 569 691 praetores
602 641 816 679 mittuntur.
878 642 1019 690 Neque
1051 648 1288 691 exspectant,
1327 639 1451 692 [quod
1472 644 1490 673 6

128 705 390 755 superioribus
410 705 522 743 annis
542 703 766 757 acciderat,]
788 712 830 743 ut
850 706 899 743 de
921 719 1055 743 eorum
1077 704 1240 755 imperio
1260 706 1309 743 ad
1331 719 1451 754 popu-

129 771 208 807 lum
248 771 398 816 feratur,
436 769 690 819 paludatique
728 769 828 807 votis
867 769 1101 819 nuncupatis
1137 777 1288 807 exeunt.
1349 771 1488 814 Con-7

128 835 241 880 suleS,
278 835 410 883 †quod
444 842 535 871 ante
573 833 613 871 id
648 841 802 883 tempus
840 833 983 871 accidit
1022 847 1248 883 numquam,
1281 847 1327 871 ex
1356 833 1451 871 urbe

129 897 426 947 proficiscuntur
443 898 677 947 lictoresque
693 898 840 935 habent
861 897 900 935 in
921 897 1016 935 urbe
1038 905 1074 935 et
1097 897 1293 947 Capitolio
1315 896 1450 946 privati

126 969 260 1000 contra
300 962 432 1000 omnia
470 961 671 1000 vetustatis
711 963 921 1012 exemplar
992 963 1094 1000 Tota
1135 961 1247 999 Italia
1285 961 1487 1000 dilectusS

127 1027 328 1073 habentur,
353 1040 460 1064 arma
480 1026 730 1076 imperantur,
749 1025 940 1075 pecuniae
956 1039 978 1063 a
995 1025 1216 1075 municipiis
1234 1026 1446 1075 exiguntur,

126 1104 147 1129 e
185 1091 283 1129 fanis
318 1092 516 1137 tolluntur,
555 1090 689 1129 omnia
733 1090 865 1129 divina
904 1092 1155 1140 humanaque
1194 1089 1276 1128 iura
1314 1090 1451 1140 permi-

126 1163 291 1194 Scentur.

179 1220 335 1268 Quibus
363 1220 477 1258 rebus
510 1219 675 1270 cognitis
706 1221 851 1259 Caesar
882 1221 987 1269 apud
1018 1219 1158 1258 milites
1189 1219 1446 1258 contionatur.

124 1284 314 1323 Omnium
336 1291 557 1333 temporum
575 1284 734 1322 iniurias
750 1283 999 1322 inimicorum
1020 1283 1060 1322 in
1081 1298 1122 1322 se
1142 1292 1425 1322 commemorat
1440 1300 1449 1332 3

122 1361 145 1386 a
183 1348 324 1398 quibus
370 1350 586 1387 deductum
625 1362 671 1387 ac
709 1350 964 1398 depravatum
1005 1348 1238 1399 Pompeium
1278 1349 1450 1398 queritur

124 1412 269 1450 invidia
289 1420 406 1462 atque
428 1413 714 1451 obtrectatione
734 1413 860 1452 laudis
882 1427 984 1460 suae,
1008 1413 1118 1451 cuius
1139 1413 1221 1462 ipse
1251 1413 1390 1451 honori
1411 1422 1449 1452 et

123 1477 301 1527 dignitati
326 1491 479 1528 semper
506 1478 641 1516 faverit
669 1478 903 1527 adiutorque
930 1477 1053 1516 fuerit.
1114 1479 1272 1516 Novum
1300 1477 1338 1514 in
1367 1491 1447 1515 rem
1470 1491 1484 1511 2

122 1542 321 1592 publicam
361 1543 629 1582 introductum
675 1545 898 1593 exemplum
938 1542 1119 1593 queritur,
1162 1550 1203 1580 ut
1242 1542 1449 1580 tribunicia

122 1606 347 1646 intercessio
367 1608 483 1647 armis
504 1616 703 1647 notaretur
722 1617 841 1658 atque
862 1608 1146 1659 opprimeretur
1175 1621 1275 1657 quae
1305 1607 1448 1657 superi-

122 1671 253 1710 oribus
277 1673 389 1711 annis
417 1674 532 1712 armis
557 1682 659 1712 esset
680 1673 865 1712 restituta.
926 1675 1073 1712 Sullam
1095 1674 1241 1711 nudata
1262 1672 1446 1711 omnibus
1467 1678 1484 1707 3

122 1737 237 1774 rebus
276 1737 484 1776 tribunicia
522 1746 716 1788 potestate
755 1747 886 1777 tamen
926 1738 1245 1777 intercessionem
1284 1738 1445 1777 liberam

122 1801 346 1851 reliquisse3
377 1804 622 1853 Pompeium,
646 1803 713 1853 qui
733 1803 875 1841 amissa
899 1803 1110 1842 restituisse
1132 1803 1307 1841 videatur
1327 1804 1442 1850 bona,
1464 1819 1484 1848 4

121 1865 238 1904 etiam
260 1880 360 1916 quae
383 1876 474 1906 ante
502 1868 709 1907 habuerint
738 1867 942 1906 ademisse.
1003 1868 1369 1917 Quotienscumque
1397 1867 1443 1905 sit
1463 1878 1480 1909 5

121 1932 321 1970 decretum
352 1934 489 1971 darent
519 1947 677 1983 operam
713 1934 958 1984 magistratus
990 1947 1039 1971 ne
1074 1933 1169 1982 quid
1199 1946 1257 1971 res
1287 1933 1444 1982 publica

121 1997 343 2036 detrimenti
372 2007 537 2049 caperet,
562 2014 639 2049 qua
659 2013 756 2038 voce
777 2008 815 2038 et
836 2013 915 2049 quo
940 2006 1096 2037 senatus
1122 2000 1302 2037 consulto
1323 2011 1444 2048 popu-

120 2063 178 2099 lus
212 2063 416 2101 Romanus
450 2065 501 2102 ad
539 2078 647 2102 arma
681 2064 728 2102 sit
760 2072 930 2111 vocatus,
967 2065 1112 2102 factum
1145 2063 1184 2100 in
1216 2062 1442 2112 perniciosis

1470 1225 1492 1263 q

166 2175 179 2195 1
208 2166 322 2196 consul
339 2166 497 2207 Madmg:
523 2177 591 2197 non
608 2167 661 2199 D:
689 2169 709 2197 fi
731 2168 786 2201 ΕΒ
943 2178 959 2207 7
984 2169 1072 2207 quod
1096 2168 1324 2207 superioribus
1345 2167 1442 2197 annis

119 2209 285 2239 acciderat
302 2209 358 2240 del.
377 2210 556 2250 Nipperdey
687 2221 721 2240 11
750 2215 782 2240 et
799 2211 974 2241 Manutius
988 2223 993 2241 :
1032 2222 1075 2241 ex
1098 2211 1134 2241 X
1243 2211 1363 2250 privati
1380 2209 1441 2241 D‘:

120 2252 275 2290 privatim
301 2254 323 2287 β
425 2254 515 2292 quod
544 2258 622 2284 ante
649 2254 681 2284 id
709 2259 841 2293 ternpus
867 2255 987 2285 accidit
1015 2265 1194 2294 numquam
1215 2258 1291 2294 post
1315 2259 1442 2284 exeunt

120 2295 301 2327 Dobereuz:
338 2296 526 2327 Mommsen
550 2298 667 2332 retz‘nel,
696 2297 805 2327 addito
828 2302 1006 2337 antequam
1027 2302 1102 2337 post
1124 2308 1313 2337 numquam,
1334 2297 1444 2327 deinde

119 2337 321 2377 lictoresque
339 2340 371 2369 in
388 2339 534 2379 lictores,
548 2340 668 2379 privati
684 2341 717 2370 in
730 2341 1052 2379 paludatosnmtatzs
1140 2351 1182 2371 22
1201 2346 1373 2372 notaretur
1385 2340 1440 2371 X:

119 2387 290 2413 vetaretur
306 2381 444 2423 Madvig
575 2393 615 2422 25
640 2384 728 2414 bona
750 2383 923 2415 Victorius:
950 2384 1037 2415 dona
1054 2382 1092 2413 X
