1705 2729
456 115 530 151 DE
562 115 740 152 BELLO
772 114 949 152 CIVILI
982 115 1083 151 LIB.
1120 116 1183 152 111

217 228 262 263 In
282 225 414 263 castris
437 224 599 274 Pompei
620 224 750 262 videre
772 224 879 261 licuit
900 224 1069 262 trichilas
1096 232 1269 271 structas,
1295 239 1476 275 magnum
1501 230 1558 275 96

158 289 304 340 argenti
334 290 490 339 pondus
524 288 753 338 expositum,
786 288 1008 326 recentibus
1040 288 1276 338 caespitibus
1306 290 1479 327 taberna-

158 356 244 392 cula
264 361 469 400 constrata,
488 355 529 391 L.
546 353 663 391 etiam
681 352 838 391 Lentuli
859 360 897 391 et
917 366 997 391 non
1019 355 1213 391 nullorum
1231 354 1480 392 tabernacula

158 426 332 467 protecta
355 419 500 456 hedera
526 419 726 466 multaque
750 424 948 466 praeterea
975 430 1076 466 quae
1103 416 1263 455 nimiam
1290 417 1478 456 luxuriam

121 495 137 525 5
158 491 195 521 et
215 482 396 521 victoriae
420 481 604 520 fiduciam
631 481 889 530 designarent,
914 488 956 519 ut
982 481 1094 519 facile
1121 481 1327 520 existimari
1348 490 1480 532 posset

158 546 253 584 nihil
282 560 349 584 eos
375 547 426 584 de
455 553 596 584 eventu
623 544 706 583 eius
733 544 811 583 diei
838 544 1014 583 timuisse
1041 544 1107 595 qui
1134 559 1215 584 non
1244 545 1480 584 necessarias

157 609 430 659 conquirerent
450 610 679 659 voluptates.
739 611 791 646 At
815 608 854 645 hi
882 608 1097 647 miserrimo
1123 622 1169 647 ac
1196 609 1479 659 patientissimo
1503 628 1515 647 ,τ

157 672 339 711 exercitui
369 672 545 712 Caesaris
575 671 765 710 luxuriem
799 671 1035 719 obiciebant,
1068 672 1130 711 cui
1164 686 1316 723 semper
1347 673 1479 711 omnia

156 738 206 775 ad
230 736 490 775 necessarium
511 750 625 774 usum
646 735 870 774 defuissent.
931 736 1153 786 Pompeius,
1173 736 1248 774 iam
1270 750 1359 774 cum
1380 736 1478 775 intra
1501 751 1517 781 5

103 813 139 835 ιο
157 803 299 840 vallum
324 801 443 840 nostri
464 809 714 848 versarentur,
734 815 880 851 equum
902 809 1039 840 nactus
1060 802 1242 840 detractis
1262 801 1478 852 insignibus

157 865 396 916 imperatoris
416 867 636 905 decumana
656 874 767 916 porta
793 879 834 904 se
861 880 907 904 ex
934 866 1067 904 castris
1092 866 1203 904 eiecit
1224 866 1478 916 protinusque

156 944 258 980 equo
291 930 410 968 citato
442 930 615 968 Larisam
650 930 864 968 contendit.
930 932 1071 980 Neque
1109 930 1163 968 ibi
1201 930 1374 968 constitit
1409 932 1477 970 sed
1499 945 1515 974 4

156 995 294 1032 eadem
310 993 505 1033 celeritate
520 1007 668 1044 paucos
688 1007 780 1032 suos
801 1008 847 1032 ex
867 995 956 1043 fuga
977 1002 1114 1032 nactus
1135 1002 1327 1033 nocturno
1343 994 1478 1034 itinere

156 1071 235 1095 non
269 1057 488 1096 intermisso
526 1058 715 1096 comitatu
749 1058 926 1108 equitum
961 1071 1051 1096 xxx
1084 1060 1135 1097 ad
1170 1072 1274 1097 mare
1306 1059 1479 1109 pervenit

101 1134 136 1166 15
156 1135 375 1172 navemque
417 1122 708 1161 frumentariam
749 1123 980 1161 conscendit
1019 1136 1146 1173 saepe,
1184 1131 1226 1161 ut
1264 1123 1476 1170 dicebatur,

155 1199 320 1236 querens
355 1194 507 1225 tantum
544 1200 586 1225 se
624 1186 853 1237 opinionem
887 1186 1068 1226 fefellisse
1099 1194 1141 1225 ut
1173 1200 1196 1224 a
1227 1200 1306 1237 quo
1339 1201 1479 1237 genere

155 1249 360 1288 hominum
380 1250 581 1289 victoriam
601 1258 804 1301 sperasset,
827 1251 878 1290 ab
899 1264 946 1290 eo
967 1250 1077 1289 initio
1098 1252 1211 1300 fugae
1232 1252 1334 1289 facto
1355 1264 1479 1301 paene

155 1314 330 1365 proditus
350 1314 553 1353 videretur.

209 1380 352 1419 Caesar
375 1379 507 1418 eastris
532 1379 679 1430 potitus
705 1393 728 1418 a
756 1378 943 1418 militibus
967 1379 1171 1418 contendit
1197 1393 1247 1418 ne
1271 1378 1310 1417 in
1335 1380 1479 1430 praeda
1500 1390 1552 1429 97

99 1458 137 1480 20
156 1444 335 1494 occupati
356 1444 492 1495 reliqui
512 1444 643 1495 negoti
663 1444 823 1495 gerendi
843 1446 1068 1483 facultatem
1089 1444 1338 1483 dimitterent.
1390 1445 1480 1492 Qua
1503 1463 1516 1483 2

155 1524 193 1547 re
221 1509 423 1559 impetrata
452 1517 627 1548 montem
658 1522 775 1559 opere
805 1508 1105 1547 circummunire
1132 1508 1306 1546 instituit.
1368 1510 1480 1546 Pom-

156 1573 292 1623 peiani,
318 1575 425 1623 quod
455 1574 485 1611 is
516 1587 629 1612 mons
659 1581 739 1612 erat
769 1573 852 1612 sine
880 1587 992 1623 aqua,
1020 1572 1134 1612 diffisi
1164 1572 1199 1611 ei
1228 1574 1316 1611 loco
1346 1572 1480 1611 relicto

157 1646 289 1677 monte
313 1638 480 1677 universi
508 1638 605 1689 iugis
633 1638 714 1677 eius
737 1638 912 1676 Larisam
932 1652 1064 1676 versus
1087 1652 1123 1676 se
1146 1637 1317 1688 recipere
1344 1651 1481 1687 coepe-

157 1710 254 1740 runt.
324 1704 413 1751 Qua
452 1716 519 1753 spe
558 1702 828 1741 animadversa
867 1703 1012 1742 Caesar
1050 1702 1182 1752 copias
1224 1715 1312 1740 suas
1351 1701 1481 1740 divisit
1502 1714 1519 1744 3

99 1781 135 1811 25
157 1775 385 1817 partemque
423 1767 621 1817 legionum
661 1767 701 1805 in
744 1766 877 1805 castris
917 1766 1081 1817 Pompei
1119 1780 1319 1805 remanere
1357 1766 1478 1814 iussit,

156 1839 305 1881 partem
330 1831 369 1869 in
394 1845 463 1870 sua
487 1839 611 1869 castra
632 1831 788 1879 remisit,
813 1843 877 1869 1111
899 1845 1033 1869 secum
1053 1831 1227 1881 legiones
1247 1831 1357 1870 duxit
1377 1845 1481 1870 com-

156 1895 411 1946 modioreque
436 1896 571 1935 itinere
592 1895 844 1946 Pompeianis
868 1909 1070 1935 occurrere
1097 1895 1227 1946 coepit
1252 1903 1290 1934 et
1310 1909 1481 1946 progres-

155 1972 219 1998 sus
243 1959 349 1998 milia
368 1973 554 2011 passuum
575 1973 615 1998 vr
640 1960 766 1999 aciem
792 1960 980 1999 instruxit.
1041 1962 1131 2009 Qua
1151 1975 1190 1999 re
1210 1960 1480 1999 animadversa
1500 1973 1519 2002 4

156 2024 386 2074 Pompeiani
405 2024 445 2062 in
465 2026 640 2075 quodam
667 2033 802 2063 monte
828 2025 1096 2064 constiterunt.
1158 2027 1280 2063 Hunc
1304 2033 1479 2063 montem

98 2103 136 2133 30
156 2089 301 2126 flumen
336 2089 553 2127 subluebat.
616 2090 761 2129 Caesar
799 2089 940 2128 milites
979 2091 1214 2137 cohortatus,
1253 2089 1323 2128 etsi
1362 2089 1479 2128 totius

155 2151 233 2189 diei
264 2152 479 2191 continenti
513 2153 647 2192 labore
677 2161 785 2192 erant
817 2154 986 2192 confecti
1018 2167 1174 2204 noxque
1203 2153 1279 2192 iam
1311 2154 1476 2200 suberat,

203 2264 215 2283 1
243 2260 387 2285 structas
417 2255 629 2287 Salmasius:
669 2261 792 2287 stratas
823 2255 861 2286 X
1028 2267 1044 2295 7
1071 2257 1318 2296 patientissimo
1349 2256 1478 2288 Aldus:

158 2298 391 2335 potentissimo
408 2297 445 2328 X
543 2309 584 2337 23
610 2300 697 2338 iugis
719 2300 849 2331 lVasse:
876 2300 957 2330 iuris
974 2299 1012 2329 X
1128 2311 1164 2330 se
1183 2300 1256 2330 add.
1277 2310 1295 2329 ν
1439 2310 1478 2336 24

157 2339 234 2380 spe]
252 2350 288 2370 re
306 2351 325 2370 ν
452 2351 494 2380 3ο
519 2347 570 2372 est
584 2346 658 2382 post
675 2344 869 2374 cohortatus
886 2343 961 2373 add.
981 2343 1023 2383 X,
1049 2343 1107 2374 del.
1132 2343 1334 2374 Vascosamcs
