1705 2729
478 130 551 166 DE
583 129 763 166 BELLO
794 129 970 167 CIVILI
1003 130 1104 166 LIB.
1140 131 1203 166 III

178 240 228 277 ad
259 251 349 277 suos
379 238 626 288 recipiebant.
689 238 843 286 Quibus
873 239 987 276 rebus
1018 239 1137 276 nostri
1167 252 1238 277 usu
1269 240 1375 277 docti
1406 242 1502 278 haec
1526 255 1539 275 2

178 303 423 352 reperiebant
443 302 626 349 remedia,
649 309 691 340 ut
716 302 793 340 alio
813 303 902 341 1000
932 302 1028 351 ignis
1050 304 1229 340 facerent.

138 504 154 534 5
231 494 393 532 Interim
426 493 565 532 certior
597 495 721 531 factus
754 495 793 531 P.
831 495 947 540 Sulla,
981 507 1099 543 quem
1131 494 1338 533 discedens
1370 495 1501 533 castris
1522 503 1563 541 51

174 560 409 609 praefecerat
447 559 601 604 Caesar,
641 557 784 596 auxilio
823 558 973 596 cohorti
1011 558 1117 596 venit
1155 572 1244 596 curn
1284 559 1502 608 legionibus

174 623 327 661 duabus
342 637 352 670 ,-
371 622 481 660 cuius
497 623 668 660 adventu
684 622 796 660 facile
812 630 901 660 sunt
917 622 1060 671 repulsi
1077 623 1318 671 Pompeiani.
1362 625 1503 672 Neque
1525 640 1539 660 2

173 700 264 725 vero
281 694 536 736 conspectum
556 693 623 723 aut
642 684 833 735 impetum
853 694 1075 724 nostrorum
1090 687 1273 732 tulerunt,
1291 686 1503 736 primisque

174 750 335 790 deiectis
369 750 506 799 reliqui
537 762 578 787 se
608 757 804 787 verterunt
835 758 873 787 et
907 751 995 787 loco
1026 757 1235 788 cesserunt.
1295 752 1373 788 Sed
1405 750 1504 789 inse·
1524 768 1541 796 3

119 826 158 848 10
175 813 330 864 quentis
356 821 520 860 nostros,
543 827 593 851 ne
619 813 772 862 longius
801 822 1138 863 prosequerentur,
1163 815 1268 852 Sulla
1295 815 1500 853 revocavit.

174 880 227 916 At
246 877 420 927 plerique
441 877 672 923 existimant,
696 877 727 915 si
747 877 871 915 acrius
892 877 1045 927 insequi
1065 877 1261 924 voluisset,
1284 878 1431 916 bellurn
1454 892 1502 917 eo

173 942 237 981 die
266 941 440 991 potuisse
469 941 578 979 finiri.
640 942 762 980 Cuius
790 942 997 979 consilium
1027 943 1396 991 reprehendendum
1420 956 1501 981 non

171 1005 332 1044 videtur.
393 1005 503 1044 Aliae
528 1006 632 1044 enim
663 1014 752 1043 sunt
781 1005 896 1056 legati
926 1014 1053 1055 partes
1083 1014 1201 1055 atque
1230 1006 1472 1056 imperatoris
1490 1021 1500 1054 ‚·
1520 1019 1540 1048 4
1565 1024 1569 1026 ’

171 1071 266 1107 alter
286 1069 419 1108 omnia
438 1084 551 1120 agere
570 1072 621 1108 ad
648 1070 940 1120 praescriptum,
962 1071 1058 1108 alter
1083 1070 1203 1108 libere
1227 1071 1278 1108 ad
1305 1084 1499 1108 summam

115 1146 151 1176 15
171 1147 298 1171 rerum
337 1136 540 1172 consulere
571 1135 699 1172 debet.
771 1135 877 1172 Sulla
913 1147 936 1171 a
970 1135 1137 1173 Caesare
1172 1134 1304 1172 castris
1342 1134 1498 1172 relictus
1519 1147 1535 1176 5

171 1197 340 1236 liberatis
372 1197 450 1236 suis
489 1199 564 1236 hoc
598 1198 669 1236 fuit
707 1205 915 1236 contentus
946 1211 1076 1247 neque
1113 1198 1262 1247 proelio
1300 1199 1498 1237 decertare

170 1261 302 1309 voluit,
324 1275 425 1311 quae
449 1275 508 1300 res
535 1270 668 1300 tamen
688 1263 850 1300 fortasse
876 1262 1047 1312 aliquem
1072 1262 1260 1312 reciperet
1281 1275 1426 1309 casum,
1450 1276 1499 1301 ne

171 1325 435 1376 imperatorias
470 1326 543 1365 sibi
581 1326 699 1376 partis
738 1326 951 1376 sumpsisse
985 1325 1188 1364 videretur.
1249 1326 1498 1376 Pompeianis
1519 1332 1537 1363 6

171 1403 351 1440 magnam
370 1404 430 1429 res
456 1392 507 1430 ad
534 1398 734 1441 receptum
755 1391 1023 1429 difficultatem
1051 1392 1262 1430 adferebat.
1323 1393 1426 1430 Nam
1454 1405 1500 1430 ex

113 1469 153 1491 20
170 1455 305 1505 iniquo
325 1455 514 1505 progressi
541 1457 630 1494 loco
656 1455 695 1493 in
716 1469 873 1493 summo
892 1455 1147 1494 constiterant
1164 1470 1174 1503 3
1203 1455 1234 1494 si
1261 1469 1328 1506 per
1348 1456 1499 1494 declive

170 1532 254 1557 sese
283 1519 509 1569 reciperent,
532 1527 685 1558 nostros
714 1533 760 1558 ex
789 1519 987 1569 superiore
1016 1519 1257 1569 insequentis
1287 1521 1376 1558 loco
1396 1533 1498 1558 vere-

169 1583 311 1621 bantur
325 1598 334 1630 3
358 1596 487 1633 neque
503 1584 670 1621 multum
686 1584 738 1622 ad
759 1583 850 1621 solis
867 1596 1051 1621 occasum
1068 1583 1254 1633 temporis
1276 1591 1473 1633 supererat
1489 1598 1499 1630 3

171 1660 239 1697 spe
255 1647 359 1685 enim
376 1647 611 1686 conficiendi
628 1647 758 1698 negoti
775 1661 897 1698 prope
912 1647 952 1686 in
968 1655 1126 1686 noctem
1143 1662 1225 1686 rem
1241 1649 1493 1686 deduxerant.

173 1712 232 1749 Ita
263 1711 482 1749 necessario
515 1718 632 1761 atque
664 1724 710 1749 ex
739 1719 916 1761 tempore
945 1719 1061 1762 capto
1091 1711 1255 1750 consilio
1286 1712 1496 1761 Pompeius
1519 1723 1535 1755 7

113 1788 150 1819 25
170 1776 366 1813 tumulum
401 1776 600 1825 quendam
629 1775 846 1825 occupavit,
877 1776 945 1825 qui
974 1784 1126 1814 tantum
1153 1776 1287 1814 aberat
1315 1790 1337 1814 a
1364 1785 1498 1815 nostro

172 1833 331 1877 castello
355 1846 396 1876 ut
423 1840 545 1877 telum
571 1846 767 1877 tormento
794 1839 956 1877 missum
976 1839 1080 1889 adigi
1100 1852 1180 1877 non
1201 1847 1342 1889 posset.
1404 1842 1497 1879 Hoc

170 1903 349 1942 consedit
377 1905 467 1942 loco
494 1912 613 1954 atque
641 1918 732 1943 eum
761 1905 1019 1943 communivit
1043 1905 1251 1955 omnisque
1280 1906 1333 1944 ibi
1363 1906 1496 1956 copias

170 1967 372 2006 continuit.

225 2032 377 2069 Eodem
409 2039 585 2082 tempore
615 2032 772 2070 duobus
806 2040 1003 2082 praeterea
1035 2032 1130 2071 locis
1162 2040 1377 2083 pugnatum
1412 2042 1469 2072 est
1486 2049 1495 2082 3
1514 2043 1564 2082 52

113 2107 153 2137 30
170 2107 261 2132 nam
298 2096 408 2145 plura
446 2097 604 2134 castella
642 2095 854 2145 Pompeius
893 2096 1034 2145 pariter
1071 2096 1318 2135 distinendae
1357 2110 1495 2135 manus

170 2170 286 2196 causa
305 2166 570 2209 temptaverat,
592 2172 642 2197 ne
662 2172 709 2197 ex
728 2159 912 2209 proximis
932 2159 1133 2209 praesidiis
1160 2160 1330 2198 succurri
1350 2169 1492 2210 posset.

171 2222 264 2261 Uno
308 2223 396 2262 loco
440 2222 642 2261 Volcatius
684 2224 821 2261 Tullus
866 2223 1056 2273 impeturn
1104 2223 1266 2273 legionis
1313 2225 1495 2262 sustinuit
1515 2239 1531 2259 2

213 2332 232 2352 2
255 2322 358 2353 deesse
372 2323 500 2363 aliquid
512 2324 610 2354 sensit
619 2323 794 2354 Manutius
809 2325 867 2364 qui
879 2324 945 2354 alio
962 2325 1170 2355 excubarent
1187 2324 1260 2355 add.
1361 2327 1403 2355 26
1426 2331 1492 2355 tor-

171 2369 284 2396 mento
300 2365 396 2396 D‘V:
421 2371 624 2397 tormentum
648 2366 692 2397 T:
717 2371 968 2397 tormentumve
985 2367 1026 2396 L'
1208 2369 1249 2396 28
1273 2368 1324 2397 ln'c
1338 2368 1492 2398 lacunam

171 2409 270 2438 trium
287 2419 440 2438 versmmt
457 2409 551 2439 habet
566 2409 600 2439 D
