1705 2729
612 142 846 179 INCERTI
878 141 1160 180 AVCTORIS

188 270 200 289 ,ν
224 252 380 301 proelio.
442 254 543 291 (juni
565 251 716 301 pedites
742 251 814 289 levi
839 258 1032 288 armatura
1059 250 1145 288 lecti
1174 252 1224 288 ad
1250 263 1418 300 pugnam
1445 249 1548 299 equi-

223 316 326 354 tibus
361 316 501 354 nostris
536 329 608 354 nec
643 314 895 365 opinantibus
930 314 1138 361 venissent,
1174 314 1294 363 idque
1328 313 1365 351 in
1401 313 1549 364 proelio

185 393 201 421 J,
222 380 538 419 animadversum
559 387 671 426 esset,
694 380 915 429 complures
936 393 981 417 ex
1002 378 1112 428 equis
1132 379 1430 417 descenderunt.
1489 379 1549 416 Ita

222 444 361 495 exiguo
395 452 571 494 tempore
603 457 723 493 eques
757 444 937 493 pedestre
971 441 1107 495 [pedes
1133 440 1327 494 equestre]
1358 441 1548 492 proelium

223 510 347 548 facere
368 508 509 558 coepit,
533 522 657 558 usque
684 521 732 546 eo
759 515 800 545 ut
828 508 990 545 caedem
1019 506 1193 556 proxime
1212 519 1235 543 a
1255 507 1356 544 vallo
1376 505 1546 544 fecerint.
1570 517 1586 548 5

183 587 201 615 4
224 575 271 611 In
314 586 392 623 quo
438 572 585 623 proelio
628 571 936 610 adversariorum
981 570 1207 609 ceciderunt
1253 581 1399 616 cxxul,
1446 582 1550 608 com-

223 639 430 687 pluresque
464 637 580 675 armis
619 636 734 683 exuti,
772 635 882 673 multi
917 634 1142 672 vulneribus
1175 633 1319 673 adfecti
1353 633 1392 671 in
1427 641 1551 671 castra

184 714 200 744 5
222 710 312 740 sunt
346 702 502 741 redacti.
563 700 696 739 Nostri
728 700 953 738 ceciderunt
982 711 1053 746 1113
1091 698 1211 737 saucii
1241 710 1300 736 ΧΠ
1332 697 1483 749 pedites
1511 705 1550 736 et

221 767 372 817 equites
393 779 427 805 v.
489 766 583 804 Eius
610 766 688 805 diei
718 764 939 815 insequenti
964 772 1140 815 tempore
1165 764 1325 815 pristina
1345 770 1550 802 consuetu-

184 836 202 867 6
221 831 313 870 dine
341 844 410 881 pro
441 844 552 869 muro
579 829 741 880 pugnari
769 836 953 879 coeptum
981 836 1047 867 est.
1109 830 1211 868 Cum
1239 829 1340 867 bene
1367 841 1548 878 magnam
1572 842 1610 864 10

222 894 514 934 multitudinem
541 896 707 933 telorum
732 894 942 944 ignemque
970 892 1110 931 nostris
1129 891 1438 932 ‘defendentibus
1458 890 1550 930 inie-

221 959 375 1006 cissent,
407 960 623 998 nefandum
653 957 1046 1007 crudelissimumque
1080 956 1229 995 facinus
1264 964 1354 995 sunt
1381 955 1549 1007 aggressi

221 1024 260 1062 in
292 1031 586 1074 conspectuque
614 1030 747 1061 nostro
774 1022 948 1072 hospites
975 1021 1042 1072 qui
1069 1021 1108 1059 in
1135 1021 1284 1071 oppido
1308 1029 1416 1059 erant
1445 1021 1550 1072 iugu-

221 1090 298 1127 lare
328 1096 365 1127 et
394 1089 444 1127 de
475 1101 586 1126 muro
616 1087 846 1138 praecipites
872 1086 1023 1125 mittere
1051 1093 1275 1136 coeperunt,
1305 1085 1417 1124 sicuti
1443 1086 1550 1136 apud

221 1153 406 1192 barbaros
425 1168 433 1200 3
472 1153 579 1203 quod
613 1160 702 1203 post
736 1151 942 1190 hominum
977 1150 1206 1189 memoriam
1241 1163 1458 1200 numquam
1491 1156 1550 1188 est
1573 1164 1608 1196 15

221 1220 378 1256 factum.

153 1284 201 1321 16
277 1283 408 1321 Huius
442 1282 521 1321 diei
556 1289 729 1321 extremo
771 1288 948 1331 ternpore
986 1294 1009 1319 a
1041 1279 1292 1330 Pompeianis
1331 1281 1432 1318 clam
1465 1277 1548 1332 [ad]

222 1355 375 1386 nostros
406 1346 628 1385 tabellarius
658 1354 716 1384 est
747 1345 899 1392 missus,
922 1352 964 1383 ut
994 1357 1039 1382 ea
1068 1351 1185 1382 nocte
1215 1343 1327 1382 turris
1357 1356 1551 1394 aggerem-

186 1430 200 1451 2
221 1426 298 1462 que
329 1412 584 1451 incenderent
615 1419 652 1450 et
680 1410 791 1450 tertia
820 1409 949 1460 vigilia
978 1408 1225 1460 eruptionem
1247 1410 1428 1447 facerent.
1490 1410 1551 1446 Ita

222 1477 310 1527 igne
351 1478 598 1526 telorumque
643 1475 893 1514 multitudine
941 1474 1042 1513 iacta
1086 1487 1177 1512 cum
1217 1473 1318 1512 bene
1367 1486 1549 1523 magnam
1572 1485 1610 1508 κο

222 1550 371 1593 partem
393 1541 519 1580 noctis
540 1540 888 1591 consumpsissent,
913 1547 1079 1589 portam,
1101 1552 1201 1588 quae
1228 1552 1249 1576 e
1273 1537 1430 1588 regione
1451 1544 1489 1575 et
1509 1537 1549 1574 in

221 1613 437 1657 conspectu
469 1605 633 1656 Pompei
665 1612 879 1643 castrorum
908 1605 1042 1650 fuerat,
1068 1609 1305 1653 aperuerunt
1333 1601 1551 1651 copiaeque

222 1679 327 1710 totae
362 1670 608 1721 eruptionem
648 1671 823 1708 fecerunt
863 1681 1078 1718 secumque
1117 1668 1336 1705 extulerunt
1374 1666 1546 1716 virgulta,

222 1735 335 1774 cratis
365 1736 416 1774 ad
446 1736 568 1773 fossas
593 1735 850 1784 complendas
881 1740 918 1771 et
948 1734 1191 1782 harpagones
1217 1732 1268 1769 ad
1298 1743 1416 1777 casas,
1449 1743 1550 1780 quae

222 1799 509 1839 stramenticiae
528 1800 578 1838 ab
600 1798 740 1838 nostris
762 1798 1017 1837 hibernorum
1038 1810 1155 1835 causa
1178 1795 1407 1835 aedificatae
1427 1802 1549 1843 erant,
1570 1808 1607 1840 25

222 1865 433 1904 diruendas
464 1872 501 1902 et
532 1864 812 1910 incendendas,
838 1870 1036 1913 praeterea
1065 1867 1280 1911 argentum,
1303 1859 1546 1906 vestimenta,

222 1938 274 1977 ut,
311 1931 407 1968 dum
442 1929 562 1967 nostri
597 1929 636 1966 in
675 1929 821 1979 praeda
850 1927 1083 1973 detinentur,
1118 1925 1172 1963 illi
1207 1925 1329 1963 caede
1360 1925 1461 1962 facta
1498 1924 1550 1962 ad

222 1994 414 2044 praesidia
458 1993 622 2043 Pompei
665 2007 706 2032 se
746 1992 988 2043 reciperent:
1027 2004 1116 2029 nam
1157 1990 1266 2039 quod
1305 1987 1550 2027 existimabat

222 2073 289 2098 eos
319 2073 434 2109 posse
474 2066 659 2097 conatum
699 2058 862 2104 efficere,
899 2064 1016 2095 nocte
1054 2063 1135 2093 tota
1164 2056 1264 2092 ultra
1292 2053 1372 2092 ibat
1401 2054 1547 2091 flumen

185 2141 203 2171 3
223 2126 375 2163 Salsum
400 2123 439 2161 in
460 2123 553 2162 acie.
615 2124 736 2172 Quod
762 2124 909 2161 factum
930 2121 1020 2159 licet
1040 2133 1113 2157 nec
1134 2117 1386 2169 opinantibus
1407 2118 1548 2155 nostris
1569 2126 1609 2157 30

266 2238 284 2266 4
302 2227 407 2266 pedes
425 2231 585 2265 equestre
603 2225 661 2255 del.
680 2223 857 2265 Nipperdey
943 2233 964 2261 9
987 2221 1143 2261 sequenti
1161 2220 1195 2251 D
1286 2230 1323 2258 17
1341 2219 1382 2250 ad
1400 2218 1457 2250 del.
1477 2219 1545 2250 edd.

222 2282 259 2301 21
289 2270 396 2301 noctis
414 2269 548 2309 Stoffel:
580 2269 665 2299 muri
683 2267 721 2297 X
861 2277 902 2305 23
926 2265 1081 2305 virgulta,
1100 2268 1209 2295 crates
1226 2262 1405 2304 Nipperdey
1420 2274 1426 2292 :
1459 2262 1548 2294 culta

223 2322 278 2368 tgs
310 2329 356 2360 T:
380 2329 526 2360 culcatas
544 2327 606 2358 L':
630 2328 774 2358 calcatas
797 2326 830 2355 D
1009 2334 1050 2363 29
1075 2328 1230 2354 conatum
1257 2321 1348 2351 edd:
1373 2325 1496 2352 conatu
1515 2319 1552 2350 X

224 2373 306 2414 ibat]
326 2374 433 2403 stabat
453 2372 540 2401 Koch·
