1705 2729
603 106 646 144 C.
681 107 797 143 IVLI
829 106 1098 145 CAESARIS

133 228 168 254 11
244 218 335 253 Erat
362 215 496 265 iniqua
525 216 708 254 condicio
733 219 939 266 postulare,
962 226 1004 256 ut
1030 220 1174 258 Caesar
1200 219 1380 259 Arimino
1407 234 1514 260 exce-

189 281 296 318 deret
316 287 434 329 atque
461 280 500 318 in
528 280 770 330 provinciam
798 289 1062 330 reverteretur,
1086 282 1214 332 ipsum
1236 292 1273 322 et
1294 285 1514 335 provincias

62 336 64 338 .
94 360 97 361 ⁷
122 358 124 377 ι
156 348 163 374 T
186 352 226 382 et
246 344 418 393 legiones
439 344 586 383 alienas
613 352 745 383 tenere
759 360 769 394 3
799 346 1011 385 exercitum
1033 348 1211 387 Caesaris
1231 350 1331 388 velle
1356 349 1512 398 dimitti,

153 421 166 441 2
188 408 352 446 dilectus
383 409 555 457 habere;
589 408 764 459 polliceri
796 423 838 449 se
867 410 907 449 in
938 410 1180 461 provinciam
1210 412 1354 452 iturum
1384 427 1515 465 neque

185 480 278 510 ante
302 486 420 522 quem
445 472 552 511 diem
580 472 702 512 iturus
729 473 778 512 sit
804 474 979 522 definire,
1002 483 1054 522 ut,
1078 475 1108 514 si
1129 485 1288 526 peracto
1308 479 1514 517 consulatu
1533 491 1551 523 5

187 536 366 575 Caesaris
387 551 468 576 non
489 539 687 587 profectus
709 546 821 586 esset,
846 541 952 577 nulla
973 547 1105 578 tamen
1125 541 1308 580 mendaci
1329 542 1515 592 religione

151 613 168 643 3
187 601 397 640 obstrictus
418 602 613 640 videretur
627 617 638 651 ς
666 610 822 652 tempus
843 618 935 642 vero
951 605 1151 654 colloquio
1171 619 1251 644 non
1272 607 1365 646 dare
1386 621 1515 657 neque

187 680 436 705 accessurum
453 667 627 717 polliceri
644 682 826 718 magnam
843 668 950 719 pacis
965 670 1280 719 desperationem
1299 673 1511 712 adferebat.

148 742 166 771 4
190 734 329 783 Itaque
354 734 406 772 ab
435 733 616 772 Arimino
649 737 704 773 M.
728 736 947 774 Antonium
975 748 1066 774 cum
1096 736 1323 774 cohortibus
1353 749 1378 774 v
1405 740 1515 777 Arre-

187 799 284 837 tium
324 799 465 847 mittit3
513 800 596 850 ipse
635 800 801 839 Arimini
840 814 930 839 cum
970 801 1124 839 duabus
1167 800 1341 840 subsistit
1380 801 1514 853 ibique
1536 818 1574 841 10

186 864 374 903 dilectum
416 865 561 904 habere
602 865 793 914 instituit‚·
841 866 1057 913 Pisaurum,
1099 868 1263 913 Fanum,
1303 868 1513 906 Anconam

158 935 161 965 J
186 929 347 979 singulis
377 930 606 969 cohortibus
635 939 813 981 occupat.

126 1005 168 1031 12
243 996 398 1033 Interea
427 995 567 1033 certior
596 997 721 1034 factus
753 996 933 1046 Iguvium
961 997 1178 1035 Thermum
1205 1004 1423 1046 praetorem
1453 1011 1515 1037 co-

187 1059 365 1098 hortibus
387 1071 410 1097 V
432 1067 575 1107 tenere,
599 1060 791 1110 oppidum
818 1060 981 1108 munire,
1003 1060 1262 1111 omniumque
1282 1075 1367 1100 esse
1389 1062 1515 1111 Iguvi—

186 1136 326 1161 norum
353 1123 543 1173 optimam
571 1138 661 1175 erga
687 1138 728 1163 se
752 1126 1005 1172 voluntatem,
1034 1124 1248 1164 Curionem
1276 1139 1367 1164 cum
1392 1125 1514 1164 tribus
1537 1141 1574 1174 15

150 1203 163 1224 2
185 1187 413 1226 cohortibus
438 1202 534 1238 quas
563 1189 712 1227 Pisauri
741 1196 778 1227 et
807 1188 974 1227 Arimini
1002 1189 1175 1227 habebat
1202 1188 1329 1227 mittit.
1391 1189 1514 1229 Cuius

184 1253 357 1290 adventu
389 1252 549 1302 cognito
581 1252 733 1292 diffisus
769 1252 958 1303 municipi
992 1252 1183 1291 voluntati
1218 1254 1414 1291 Thermus
1452 1267 1515 1293 co-

185 1316 307 1354 hortis
334 1330 381 1355 ex
408 1318 503 1355 urbe
524 1317 675 1356 reducit
701 1326 739 1356 et
766 1317 945 1368 profugit.
1008 1317 1156 1355 Milites
1178 1316 1217 1355 in
1239 1316 1375 1356 itinere
1394 1318 1446 1357 ab
1466 1332 1513 1358 eo

150 1395 166 1426 3
186 1381 395 1419 discedunt
418 1395 464 1420 ac
494 1384 658 1421 domum
686 1390 939 1421 revertuntur.
1000 1381 1121 1421 Curio
1150 1395 1305 1420 summa
1334 1383 1511 1421 omnium

184 1447 385 1484 voluntate
407 1447 587 1495 Iguvium
615 1446 760 1497 recipit.
822 1446 978 1495 Quibus
1006 1446 1122 1484 rebus
1149 1446 1315 1496 cognitis
1340 1448 1510 1486 confisus
1532 1464 1572 1487 20

185 1510 488 1560 municipiorum
509 1511 776 1549 voluntatibus
804 1512 949 1550 Caesar
976 1510 1147 1549 cohortis
1168 1510 1332 1560 legionis
1352 1523 1441 1550 x111.
1465 1526 1512 1551 ex

184 1575 386 1625 praesidiis
418 1576 579 1614 deducit
610 1575 906 1625 Auximumque
938 1575 1220 1625 proficiscitur,·
1263 1577 1371 1625 quod
1405 1576 1514 1626 oppi-

185 1642 280 1679 dum
301 1640 432 1678 Attius
453 1640 681 1679 cohortibus
704 1640 936 1679 introductis
959 1640 1118 1679 tenebat
1139 1639 1408 1690 dilectumque
1429 1648 1513 1679 toto

186 1704 332 1744 Piceno
353 1705 630 1743 circummissis
652 1705 898 1744 senatoribus
920 1705 1102 1743 habebat.

120 1780 164 1816 13
238 1771 423 1808 Adventu
451 1770 628 1809 Caesaris
658 1770 816 1820 cognito
841 1770 1074 1808 decuriones
1101 1768 1260 1807 Auximi
1287 1770 1337 1808 ad
1358 1769 1512 1808 Attium
1534 1789 1572 1820 25

183 1837 331 1873 Varum
359 1837 581 1885 frequentes
609 1835 850 1874 conveniunt
866 1850 875 1883 3
905 1836 1051 1874 docent
1081 1834 1140 1873 sui
1169 1834 1289 1873 iudici
1319 1848 1401 1873 rem
1430 1848 1511 1873 non

183 1913 292 1947 esse3
321 1913 450 1949 neque
471 1913 512 1938 se
532 1913 661 1950 neque
682 1900 852 1950 reliquos
873 1899 1090 1949 municipes
1111 1898 1191 1948 pati
1212 1912 1327 1948 posse
1348 1899 1392 1938 C.
1417 1900 1513 1938 Cae-

183 1977 308 2002 sarem
347 1964 633 2014 imperatorem,
672 1965 773 2003 bene
813 1966 863 2002 de
897 1978 936 2002 re
971 1963 1130 2014 publica
1165 1963 1358 2010 meritum,
1394 1963 1512 2001 tantis

183 2029 298 2067 rebus
318 2029 435 2078 gestis
456 2029 605 2079 oppido
622 2029 910 2078 moenibusque
931 2027 1128 2079 prohiberi
1145 2043 1151 2065 :
1182 2027 1348 2077 proinde
1368 2027 1512 2066 habeat

231 2142 243 2162 1
272 2132 352 2161 Erat
371 2132 484 2170 iniqua
501 2131 656 2162 condicio
673 2133 694 2164 Β
710 2142 717 2161 :
754 2130 867 2169 iniqua
886 2130 1086 2161 condicione
1104 2128 1151 2159 D'
1266 2138 1287 2168 3
1311 2128 1439 2159 alienas
1454 2127 1511 2160 X:

183 2175 356 2205 absentem
373 2174 462 2204 Paul
602 2184 621 2213 5
647 2175 676 2204 si
695 2179 834 2212 peracto
853 2173 1030 2204 consulatu
1048 2172 1204 2203 Caesaris
1222 2182 1291 2202 non
1308 2171 1488 2212 Nipperdey
1503 2183 1510 2202 :

183 2219 212 2249 si
229 2223 364 2257 peracto
382 2218 447 2248 cos.
465 2218 623 2248 Caesaris
641 2227 731 2248 cons.
751 2219 773 2250 β
788 2228 793 2246 :
820 2217 848 2246 si
866 2221 1004 2256 peracto
1021 2216 1177 2246 Caesaris
1202 2215 1378 2246 consulatu
1399 2214 1508 2254 (coiis.

184 2261 233 2298 D)
252 2260 317 2291 D':
343 2261 369 2291 si
395 2265 492 2299 pacto
512 2261 690 2291 consulatu
716 2261 843 2290 Caesar
865 2259 1056 2299 Hoffmann
1214 2260 1234 2288 6
1258 2259 1430 2297 profectus
1447 2258 1510 2288 El:

184 2305 355 2343 prefectus
380 2303 514 2334 DU'T‘
693 2313 732 2334 10
751 2307 827 2344 post
856 2303 986 2333 duabus
1011 2301 1086 2332 add.
1116 2301 1305 2340 legionibus
1330 2301 1376 2339 X,
1402 2301 1514 2331 delevit

184 2348 305 2378 Davies
485 2357 522 2385 13
548 2347 702 2386 Iguvium
734 2346 846 2376 Aldus
878 2350 992 2384 nepos:
1036 2345 1163 2384 ignium
1195 2346 1236 2378 βε
1278 2345 1430 2384 itiguium
1466 2341 1513 2374 D‘

188 2392 226 2421 16
248 2390 391 2421 Arimini
409 2390 434 2420 l²
450 2401 456 2420 2
482 2390 635 2421 Arimino
653 2389 689 2419 X
778 2400 814 2428 17
840 2389 1003 2419 voluntati
1022 2389 1050 2420 l:
1074 2388 1257 2419 voluntatis
1273 2386 1311 2417 X
