1705 2729
419 145 492 182 DE
525 143 703 182 BELLO
733 142 943 182 AFRICO
975 143 1145 180 LIBER

120 254 338 301 consilium,
373 254 483 292 illum
522 268 612 293 cum
651 255 773 291 classe
812 253 976 291 navibus
1015 252 1199 291 onerariis
1239 265 1339 302 quae
1377 252 1441 290 de-

119 326 309 356 errassent
349 318 524 356 subsidio
563 318 618 356 ire
664 319 764 356 clam
811 317 989 355 hostibus
1032 316 1212 362 voluisse,
1253 330 1303 354 ne
1348 329 1441 354 casu

119 382 388 433 imprudentes
417 396 509 421 suae
538 396 656 421 naves
685 382 726 420 in
757 383 921 420 classem
955 380 1263 419 adversariorum
1298 380 1442 418 incide-

118 454 214 493 rent,
244 461 373 497 neque
408 461 494 486 eam
526 460 606 485 rem
642 460 709 485 eos
742 445 911 484 voluisse
946 445 1043 484 scire
1074 445 1141 495 qui
1173 445 1212 482 in
1238 444 1441 495 praesidiis

80 522 97 552 5
118 510 240 549 relicti
261 510 320 549 sui
336 510 478 549 milites
498 510 671 558 fuissent,
695 523 745 549 ne
771 509 812 548 hi
835 517 995 559 propter
1021 522 1181 548 suorum
1201 508 1440 560 paucitatem

117 582 156 613 et
176 574 348 613 hostium
370 574 661 613 multitudinem
682 581 789 612 metu
811 575 1034 612 deficerent.

173 639 335 677 Interim
357 653 448 677 cum
468 639 545 677 iam
562 640 706 678 Caesar
725 651 949 688 progressus
971 646 1073 677 esset
1092 652 1115 676 a
1135 638 1268 677 castris
1289 637 1441 675 circiter
1459 645 1504 673 12

117 703 224 741 milia
252 716 438 753 passuum
464 715 522 750 111,
545 716 613 753 per
639 704 903 752 speculatores
930 709 969 741 et
995 710 1262 741 antecessores
1290 701 1441 751 equites

117 767 317 805 nuntiatur
341 767 376 805 ei
405 767 537 817 copias
564 766 738 806 hostium
762 767 869 805 haud
896 768 1012 816 longe
1038 767 1088 805 ab
1114 780 1198 805 sese
1218 766 1329 804 visas.
1391 768 1442 805 Et

60 849 99 871 10
116 833 275 870 hercule
301 845 392 870 cum
419 845 467 870 eo
491 831 630 869 nuntio
657 831 783 881 pulvis
808 831 945 881 ingens
973 831 1149 881 conspici
1176 839 1339 882 coeptus
1369 839 1437 869 est.

118 898 208 934 Hac
228 910 268 934 re
288 895 444 946 cognita
464 897 608 935 Caesar
627 895 802 934 celeriter
822 895 930 934 iubet
958 895 1175 945 equitatum
1203 895 1438 942 universum,
1462 908 1477 929 2

116 959 228 998 cuius
259 959 414 1010 copiam
444 960 581 998 habuit
610 959 650 998 in
677 960 896 1009 praesentia
924 974 1005 999 non
1037 973 1230 1010 magnam,
1262 968 1300 999 et
1330 960 1441 1010 sagit-

116 1024 246 1071 tarios,
282 1038 449 1074 quorum
484 1038 623 1074 parvus
658 1037 855 1071 numerus,
889 1038 935 1062 ex
973 1024 1107 1062 castris
1141 1024 1282 1063 arcessi
1320 1033 1439 1075 atque

117 1089 327 1128 ordinatim
357 1089 466 1139 signa
494 1102 536 1127 se
564 1089 702 1127 leniter
731 1088 945 1138 consequi,·
975 1089 1058 1138 ipse
1087 1090 1319 1128 antecedere
1348 1103 1439 1127 cum

61 1166 98 1198 ¹5
117 1153 251 1203 paucis
271 1153 437 1191 armatis.
500 1154 665 1203 Iamque
685 1166 776 1192 cum
797 1155 933 1204 procul
953 1153 1076 1191 hostis
1097 1153 1273 1203 conspici
1293 1161 1438 1203 posset,
1460 1164 1478 1195 3

116 1217 258 1256 milites
279 1217 318 1255 in
339 1230 480 1267 campo
506 1217 616 1255 iubet
641 1217 783 1267 galeari
811 1224 849 1255 et
876 1218 926 1256 ad
950 1215 1070 1269 [eam]
1092 1231 1264 1268 pugnam
1291 1218 1415 1267 parari
1430 1232 1440 1265 3

116 1296 283 1332 quorum
305 1282 468 1320 omnino
488 1295 674 1321 numerus
690 1282 762 1320 fuit
781 1293 871 1320 xxx
892 1282 1113 1321 cohortium
1130 1296 1220 1321 cum
1242 1282 1439 1332 equitibus

115 1359 227 1394 cccc,
249 1347 451 1397 sagittariis
471 1359 532 1385 CL.

172 1414 319 1450 Hostes
335 1411 502 1459 interim,
520 1425 688 1462 quorum
703 1413 783 1451 dux
803 1420 884 1451 erat
900 1411 1099 1451 Labienus
1121 1419 1158 1450 et
1172 1413 1252 1451 duo
1267 1412 1435 1459 Pacidei,
1458 1416 1502 1454 13

60 1491 100 1512 20
116 1476 241 1515 aciem
262 1476 442 1527 derigunt
463 1476 629 1515 mirabili
649 1476 894 1526 longitudine
921 1490 1001 1515 non
1031 1476 1209 1527 peditum
1238 1479 1307 1516 sed
1335 1477 1440 1527 equi-

116 1548 200 1579 tum
235 1543 461 1589 confertam,
493 1549 531 1580 et
564 1541 663 1580 inter
694 1555 762 1580 eos
796 1541 891 1580 levis
925 1549 1142 1580 armaturae
1173 1542 1367 1580 Numidas
1401 1550 1439 1580 et

116 1605 331 1656 sagittarios
360 1605 512 1656 pedites
542 1605 854 1656 interposuerant
884 1613 922 1644 et
948 1606 1001 1644 ita
1031 1607 1367 1645 condensaverant
1396 1615 1439 1645 ut

116 1672 252 1720 procul
282 1670 505 1710 Caesariani
534 1670 724 1720 pedestris
754 1670 887 1721 copias
916 1670 1216 1718 arbitrarenturg
1259 1672 1438 1710 dextrum

114 1749 161 1774 ac
198 1735 395 1774 sinistrum
434 1749 556 1774 cornu
601 1735 751 1785 magnis
796 1735 972 1785 equitum
1017 1735 1140 1786 copiis
1180 1736 1435 1775 firmaverant.

60 1816 96 1848 25
118 1800 280 1839 Interim
302 1801 447 1839 Caesar
470 1799 594 1838 aciem
616 1799 755 1850 derigit
782 1800 1012 1850 simplicem,
1035 1807 1077 1838 ut
1104 1808 1255 1850 poterat
1282 1808 1440 1851 propter
1460 1819 1474 1840 2

115 1865 377 1916 paucitatem3
405 1865 620 1915 sagittarios
640 1873 730 1903 ante
750 1865 876 1903 aciem
896 1865 1109 1912 constituit,
1132 1865 1282 1915 equites
1303 1867 1440 1904 dextro

116 1930 350 1980 sinistroque
384 1943 506 1969 cornu
540 1930 705 1982 opponit
736 1938 774 1969 et
805 1930 858 1968 ita
892 1930 1079 1980 praecipit
1114 1937 1156 1968 ut
1190 1930 1439 1981 providerent

116 2008 166 2033 ne
196 1994 447 2033 multitudine
487 1995 681 2045 equitatus
720 1994 893 2033 hostium
930 1994 1325 2033 circumvenirentur:
1365 1994 1439 2032 exi-

118 2059 300 2098 stimabat
315 2059 419 2098 enim
441 2073 482 2098 se
502 2059 585 2098 acie
602 2059 789 2098 instructa
809 2072 900 2097 cum
928 2058 1175 2108 pedestribus
1189 2058 1312 2109 copiis
1328 2058 1439 2096 dimi-

59 2138 98 2168 3ο
116 2131 302 2162 caturum.

161 2237 180 2266 5
199 2238 241 2258 ne
253 2227 287 2257 hi
305 2226 504 2268 szperdqy:
530 2227 612 2258 nihil
635 2227 689 2258 T‘:
717 2238 759 2257 ne
778 2227 860 2257 nihil
878 2226 932 2257 D:
959 2237 1001 2257 ne
1019 2226 1065 2257 E:
1098 2227 1145 2257 uti
1164 2226 1248 2257 nihil
1266 2225 1306 2255 L'
1400 2237 1438 2265 13

119 2281 241 2310 parvus
265 2281 309 2300 ex
333 2271 452 2301 castris
475 2271 603 2301 exierat
621 2273 702 2302 (om.
718 2270 803 2309 DV)
822 2280 982 2300 numerus
1000 2269 1111 2299 DL‘V
1310 2271 1348 2299 16
1365 2280 1437 2300 earn

118 2324 182 2343 om.
199 2313 245 2343 D'
339 2323 375 2352 17
393 2322 467 2344 cum
479 2315 495 2343 δ
512 2325 517 2344 ;
534 2324 598 2345 om.
614 2313 651 2343 X
739 2314 776 2343 18
793 2314 889 2353 cccc]
904 2324 956 2343 MM
968 2313 1085 2352 Stqff‘cl
1159 2323 1199 2343 cL
1217 2312 1415 2352 Oudendorp
1431 2325 1438 2343 :

118 2361 153 2386 et
170 2356 206 2386 X
292 2366 334 2386 20
351 2357 509 2397 derigunt
522 2357 708 2387 Bramlmclz
726 2368 732 2388 ε
750 2356 898 2395 dirigunt
912 2354 949 2385 X
1013 2356 1194 2386 mirabilem
1212 2356 1305 2386 L‘V:
1328 2366 1393 2386 om.
1414 2355 1442 2385 T

118 2408 158 2438 25
175 2399 291 2438 dirigit
302 2398 340 2428 X
434 2409 473 2439 27
491 2400 629 2439 coponit
640 2399 683 2429 D'
781 2410 823 2439 29
846 2400 917 2430 acie
934 2400 1097 2430 instructa
1109 2403 1185 2439 post
1199 2400 1304 2438 copiis
1318 2404 1392 2438 pon.
1408 2399 1437 2429 L

161 2460 252 2480 CAES.
273 2460 350 2482 AFR.
1312 2452 1350 2481 14
