1705 2729
574 150 809 189 INCERTI
840 151 1121 190 AVCTORIS

187 260 328 306 hostes,
362 261 486 299 multo
516 259 672 306 tardius,
711 261 779 299 sed
815 268 945 299 tamen
981 260 1104 299 isdem
1139 261 1199 300 dis
1236 262 1513 301 adiuvantibus

187 323 342 362 sinistro
362 337 484 363 cornu
507 324 715 374 mediaque
735 323 818 363 acie
840 332 943 363 totae
973 325 1225 375 profligantur
1244 325 1381 376 copiae
1402 326 1510 376 regis.

151 402 165 423 2
189 390 301 437 Quae
332 381 450 438 quam
487 388 599 427 facile
632 389 831 427 subierant
858 389 1036 439 iniquum
1065 391 1207 436 locum,
1231 398 1310 428 tarn
1340 390 1514 429 celeriter

185 455 306 503 gradu
339 455 473 503 pulsae
504 454 782 504 premebantur
815 454 890 493 loci
925 454 1139 504 iniquitate.
1212 456 1351 505 Itaque
1382 454 1514 493 multis

187 518 375 556 militibus
400 518 540 568 partim
569 518 780 557 interfectis
808 519 947 569 partim
976 532 1134 557 suorum
1165 519 1276 558 ruina
1305 519 1510 570 oppressis,
1533 534 1552 565 5

186 583 254 632 qui
283 583 489 622 velocitate
513 585 682 634 effugere
709 591 898 634 poterant,
925 584 1041 622 armis
1072 592 1203 622 tamen
1233 581 1416 634 proiectis
1439 586 1515 622 val-

185 649 262 686 lem
302 648 526 699 transgressi
565 649 662 686 nihil
701 663 747 687 ex
785 651 874 688 loco
912 649 1110 699 superiore
1149 648 1287 687 inermi
1326 650 1514 699 proficere

148 719 374 762 3poterant.
435 716 488 751 At
522 713 643 752 nostri
678 713 839 752 victoria
876 713 966 752 elati
1005 713 1134 752 subire
1168 712 1347 763 iniquum
1381 715 1513 753 locum

186 777 503 828 munitionesque
550 778 706 828 aggredi
754 792 834 817 non
879 778 1117 817 dubitarunt.
1197 778 1513 817 Defendentibus

185 849 316 880 autem
344 842 399 880 eis
428 842 656 881 cohortibus
681 850 805 881 castra
832 855 928 892 quas
959 844 1180 881 Pharnaces
1210 843 1404 892 praesidio
1431 843 1513 882 reli·
1534 859 1574 882 10

94 949 98 953 ,
145 915 167 947 4
185 914 331 956 querat,
355 907 529 946 celeriter
548 907 681 945 castris
702 907 874 946 hostiurn
895 914 985 945 sunt
1005 907 1128 957 potiti.
1189 908 1399 946 Interfecta
1418 909 1515 946 mul·

185 971 353 1010 titudine
387 972 495 1010 omni
535 985 694 1010 suorum
732 979 799 1010 aut
837 979 952 1022 capta
991 972 1211 1009 Pharnaces
1249 985 1339 1010 cum
1379 972 1513 1022 paucis

185 1035 382 1085 equitibus
399 1035 568 1086 profugit
583 1050 592 1083 ,-
622 1035 684 1074 cui
705 1035 779 1074 nisi
795 1043 1009 1075 castrorum
1026 1035 1268 1086 oppugnatio
1288 1037 1512 1075 facultatem

184 1100 376 1139 attulisset
402 1100 560 1139 liberius
587 1100 845 1150 profugiendi,
869 1100 978 1139 vivus
1005 1099 1045 1138 in
1073 1100 1250 1140 Caesaris
1276 1108 1511 1151 potestatem

183 1166 378 1204 adductus
399 1173 510 1204 esset.
1535 1178 1572 1210 15

115 1233 163 1273 77
238 1230 325 1268 Tali
354 1229 514 1269 victoria
544 1230 686 1269 totiens
716 1230 838 1268 victor
866 1232 1009 1269 Caesar
1036 1229 1254 1269 incredibili
1281 1238 1339 1269 est
1368 1230 1513 1268 laetitia

184 1295 372 1342 adfectus,
396 1296 505 1345 quod
527 1294 741 1333 maximum
761 1296 909 1333 bellum
930 1302 1038 1333 tanta
1058 1295 1254 1333 celeritate
1277 1296 1509 1342 confecerat,

184 1361 397 1410 †quodque
427 1360 544 1398 subiti
569 1359 728 1410 periculi
755 1359 1025 1398 recordatione
1046 1359 1181 1398 laetior
1201 1361 1309 1409 quod
1329 1360 1513 1399 †victoria

148 1441 163 1462 2
185 1424 307 1463 facilis
328 1439 375 1463 ex
395 1424 632 1463 difficillimis
648 1425 764 1463 rebus
784 1423 988 1462 acciderat.
1040 1425 1169 1462 Ponto
1189 1431 1347 1474 recepto
1368 1426 1513 1474 praeda

185 1489 293 1527 omni
323 1489 425 1539 regia
455 1489 644 1527 militibus
668 1490 893 1527 condonata
919 1495 1076 1538 postero
1105 1488 1169 1526 die
1199 1502 1289 1526 cum
1319 1489 1512 1538 expeditis
1534 1503 1572 1525 20

185 1553 382 1603 equitibus
414 1553 496 1603 ipse
530 1552 798 1603 proficiscitur,
832 1552 1026 1602 legionem
1059 1560 1207 1590 sextam
1238 1554 1430 1592 decedere
1460 1553 1512 1592 ad

184 1618 356 1667 praemia
376 1625 494 1668 atque
514 1619 683 1656 honores
709 1616 962 1667 accipiendos
987 1615 1027 1653 in
1055 1616 1209 1654 Italiam
1230 1615 1348 1663 iubet,
1371 1617 1514 1655 auxilia

187 1682 361 1721 Deiotari
393 1684 557 1722 domum
590 1682 760 1728 remittit,
786 1683 884 1721 duas
916 1680 1089 1731 legiones
1119 1694 1208 1720 cum
1241 1681 1376 1720 Caelio
1406 1681 1514 1720 Vini-

184 1747 298 1786 ciano
319 1747 358 1785 in
380 1749 509 1787 Ponto
530 1747 722 1797 relinquit.

113 1812 164 1859 78
240 1814 300 1850 Ita
327 1826 394 1862 per
422 1811 730 1862 Gallograeciam
759 1810 1064 1860 Bithyniamque
1094 1810 1134 1848 in
1161 1810 1296 1848 Asiam
1325 1811 1395 1850 iter
1421 1811 1512 1850 facit
1534 1828 1572 1859 25

185 1876 443 1926 omniumque
470 1890 603 1915 earum
631 1875 917 1926 provinciarum
943 1876 992 1914 de
1017 1875 1289 1914 controversiis
1310 1876 1512 1926 cognoscit

185 1949 223 1979 et
261 1941 417 1989 statuit3
464 1941 548 1980 iura
586 1941 625 1979 in
664 1942 884 1987 tetrarchas,
926 1953 1044 1990 reges,
1086 1940 1260 1979 civitates
1302 1940 1508 1979 distribuit.

148 2021 164 2042 2
187 2006 446 2045 Mithridaten
479 2008 774 2056 Pergamenum,
801 2019 825 2042 α
852 2018 931 2055 quo
955 2018 1036 2043 rem
1067 2005 1229 2043 feliciter
1258 2004 1512 2055 celeriterque

184 2078 333 2121 gestam
368 2072 407 2109 in
439 2073 619 2121 Aegypto
649 2084 764 2121 supra
797 2070 1031 2120 scripsimus,
1063 2070 1169 2120 regio
1196 2083 1337 2119 genere
1368 2078 1507 2116 ortum,

185 2135 400 2185 disciplinis
435 2135 552 2174 etiam
586 2135 698 2185 regiis
730 2136 1089 2173 educatum—nam
1121 2147 1210 2172 eum
1247 2133 1507 2181 Mithridates,
1531 2149 1572 2180 30

185 2214 250 2238 rex
284 2200 401 2238 Asiae
441 2200 570 2246 totius,
608 2207 765 2250 propter
803 2199 1049 2237 nobilitatem
1085 2200 1275 2249 Pergamo
1305 2201 1510 2249 parvulum

186 2278 322 2303 secum
344 2272 608 2314 asportaverat
633 2265 672 2302 in
697 2272 822 2303 castra
848 2266 1072 2314 multosque
1101 2264 1310 2302 retinuerat
1329 2277 1511 2303 annos—

229 2379 250 2407 9
275 2369 522 2399 Deserentibus
535 2368 667 2409 Lz'psms
759 2369 796 2398 18
819 2368 976 2407 quodque
991 2368 1095 2407 (quod
1107 2367 1158 2406 E)
1171 2366 1224 2397 X:
1250 2378 1358 2406 eoque
1371 2366 1514 2398 Kuebler

185 2412 276 2451 quod
296 2413 364 2443 secl.
383 2411 503 2442 Dintcr
589 2422 628 2448 27
654 2412 837 2452 distribuit]
857 2411 1024 2450 disposuit
1041 2411 1073 2442 E
1160 2412 1200 2441 28
1224 2421 1243 2441 a
1260 2410 1334 2442 add.
1354 2410 1500 2451 Scalzger
