1705 2729
612 160 847 198 INCER'I'I
879 160 1159 198 AVCTORIS

159 279 200 306 21
276 272 437 309 Postero
462 270 525 309 die
546 270 697 320 equites
728 283 816 308 cum
848 270 920 309 levi
950 278 1143 309 armatura
1166 285 1212 310 ex
1237 272 1544 312 adversariorum

184 353 198 374 2
221 334 354 372 castris
385 336 435 373 ad
467 348 539 373 nos
566 336 864 385 transfugerunt.
939 336 988 373 Et
1023 348 1071 373 eo
1102 343 1277 386 ternpore
1310 336 1460 375 circiter
1491 349 1546 375 XL

220 399 371 449 equites
413 401 464 438 ad
504 407 711 449 aquatores
752 407 905 438 nostros
947 409 1256 447 excucurrerunt,
1297 414 1377 440 non
1417 403 1546 440 nullos

220 465 504 510 interfecerunt,
537 464 630 503 item
661 464 757 502 alios
783 465 891 502 vivos
921 465 1191 512 abduxerunt3
1221 478 1242 503 e
1271 465 1414 515 quibus
1443 466 1546 516 capti

183 541 199 571 3
219 536 308 566 sunt
330 528 480 577 equites
502 540 587 567 vm.
649 529 878 578 Insequenti
895 529 958 567 die
981 529 1192 578 Pompeius
1214 529 1336 567 securi
1358 530 1547 580 percussit
1566 542 1583 572 5

220 593 399 631 homines
449 604 611 640 Lxxnu,
653 594 719 643 qui
759 594 990 632 dicebantur
1028 607 1113 632 esse
1151 595 1320 632 fautores
1368 594 1546 632 Caesaris

219 657 413 704 victoriae,
461 657 630 707 reliquos
669 671 798 696 rursus
838 658 877 695 in
916 658 1107 708 oppidum
1142 658 1251 696 iussit
1289 658 1457 706 deduci;
1499 672 1546 698 ex

219 722 361 772 quibus
383 723 600 772 effugerunt
621 734 704 761 CXX
726 731 763 761 et
783 724 833 761 ad
856 724 1063 762 Caesarem
1084 731 1284 761 venerunt.

149 794 199 822 22
275 789 367 825 Hoc
380 787 587 837 praeterito
603 794 790 837 tempore,
806 787 871 837 qui
889 787 927 825 in
942 787 1090 837 oppido
1106 790 1258 837 Ategua
1272 789 1544 827 Ursaonenses

220 852 321 902 capti
352 859 441 890 sunt
470 852 585 902 legati
606 852 768 902 profecti
799 860 889 891 sunt
915 866 1005 890 cum
1032 853 1172 891 nostris
1202 853 1257 891 uti
1284 867 1364 891 rem
1394 860 1543 902 gestam
1565 864 1604 888 ro

219 916 538 956 Ursaonensibus
568 919 762 964 referrent,
796 917 891 967 quid
925 926 1121 968 sperarent
1149 919 1199 956 de
1231 919 1302 957 Cn.
1340 918 1542 968 Pompeio,

219 995 309 1020 cum
331 982 507 1020 viderent
531 982 706 1032 hospites
733 982 920 1032 iugulari3
950 990 1147 1032 praeterea
1176 984 1298 1021 multa
1322 984 1467 1021 scelera
1494 983 1545 1021 ab

185 1062 198 1082 2
220 1046 274 1085 eis
295 1046 376 1085 fieri
397 1047 463 1096 qui
485 1047 651 1096 praesidi
679 1061 796 1085 causa
816 1048 866 1085 ab
887 1047 941 1085 eis
962 1047 1233 1097 reciperentur.
1294 1046 1373 1096 Qui
1393 1060 1475 1084 cum
1495 1048 1545 1086 ad

220 1110 410 1161 oppidum
438 1111 645 1157 venissent,
674 1111 806 1158 nostri,
838 1111 904 1160 qui
934 1111 1095 1150 fuissent
1125 1111 1275 1161 equites
1306 1111 1478 1150 Romani
1507 1118 1545 1149 et

220 1184 428 1223 senatores,
451 1189 531 1214 non
553 1183 642 1214 sunt
662 1176 745 1214 ausi
766 1176 924 1214 introire
953 1176 992 1213 in
1021 1176 1223 1226 oppidum,
1246 1184 1396 1226 praeter
1425 1188 1542 1226 quam
1567 1190 1602 1222 ¹5

183 1253 200 1283 3
220 1240 285 1290 qui
307 1240 389 1279 eius
409 1240 574 1278 civitatis
594 1240 768 1279 fuissent.
828 1242 1007 1289 Quorum
1032 1240 1227 1290 responsis
1248 1242 1348 1278 ultro
1369 1240 1544 1290 citroque

220 1305 389 1355 acceptis
411 1312 447 1343 et
468 1305 629 1343 redditis
657 1319 746 1343 cum
774 1306 824 1343 ad
855 1313 1008 1343 nostros
1040 1318 1080 1343 se
1109 1305 1324 1355 reciperent
1345 1304 1411 1355 qui
1441 1312 1545 1343 extra

220 1369 411 1420 oppidum
451 1369 624 1417 fuissent,
658 1369 712 1407 illi
752 1369 945 1420 praesidio
984 1369 1149 1408 insecuti
1183 1383 1229 1408 ex
1264 1369 1545 1411 †adversione†

219 1436 367 1485 legatos
391 1434 623 1485 iugularunt.
685 1437 776 1473 Duo
801 1433 938 1484 reliqui
962 1447 1009 1472 ex
1032 1434 1087 1472 eis
1112 1436 1291 1484 fugerunt
1320 1442 1359 1473 et
1388 1434 1545 1474 Caesari

220 1513 301 1538 rem
330 1506 478 1549 gestam
513 1500 737 1537 detulerunt
768 1529 774 1536 .
808 1529 814 1536 .
848 1529 854 1536 .
888 1506 925 1537 et
964 1500 1226 1548 speculatores
1264 1500 1315 1538 ad
1353 1499 1545 1549 oppidum
1566 1513 1606 1535 20

181 1576 199 1605 4
220 1566 414 1614 Ateguam
454 1563 652 1602 miserunt.
723 1563 803 1613 Qui
835 1577 925 1602 curn
957 1572 1105 1601 certum
1132 1563 1414 1614 comperissent
1447 1565 1546 1614 lega-

220 1636 348 1666 torum
369 1641 556 1678 responsa
575 1628 628 1666 ita
651 1641 736 1667 esse
763 1636 870 1678 gesta
900 1641 1017 1678 quem
1047 1629 1098 1667 ad
1126 1630 1289 1667 modum
1310 1628 1363 1666 illi
1384 1628 1547 1667 rettulis-

219 1700 315 1739 sent,
338 1693 389 1730 ab
410 1692 617 1742 oppidanis
634 1706 826 1731 concursu
847 1694 950 1730 facto
971 1706 1061 1731 eum
1083 1693 1149 1743 qui
1170 1694 1316 1743 legatos
1337 1692 1547 1743 iugulasset

220 1756 392 1807 lapidare
423 1764 461 1795 et
495 1757 529 1796 ei
562 1771 701 1796 manus
733 1757 923 1796 intentare
952 1766 1190 1808 coeperunt:
1229 1758 1329 1796 illius
1359 1771 1477 1808 opera
1505 1770 1547 1796 se

182 1840 198 1871 5
220 1822 376 1872 perisse.
437 1823 496 1860 Ita
516 1822 578 1860 vix
599 1822 771 1872 periculo
792 1822 976 1861 liberatus
1007 1823 1117 1873 petiit
1143 1823 1194 1861 ab
1220 1822 1428 1873 oppidanis
1448 1829 1491 1860 ut
1511 1821 1546 1860 ei
1567 1836 1604 1869 ²5

220 1887 352 1925 liceret
372 1888 542 1936 legatum
562 1888 613 1926 ad
634 1888 842 1927 Caesarem
865 1888 1057 1938 proficisci
1077 1903 1083 1926 :
1110 1887 1164 1925 illi
1185 1901 1226 1926 se
1247 1887 1543 1926 satisfacturum.

181 1957 199 1987 6
222 1953 419 1990 Potestate
435 1953 525 1990 data
542 1965 632 1989 cum
649 1952 741 1991 inde
755 1960 855 1991 esset
872 1954 1078 2002 profectus,
1097 1952 1291 2002 praesidio
1307 1958 1544 2002 comparato,

220 2029 311 2054 cum
332 2017 434 2054 bene
455 2030 636 2066 magnam
660 2031 819 2055 manum
841 2017 996 2055 fecisset
1017 2024 1054 2056 et
1075 2025 1269 2055 nocturno
1282 2024 1458 2067 ternpore
1478 2030 1547 2066 per

220 2080 411 2119 fallaciam
433 2080 472 2118 in
494 2082 685 2131 oppidum
714 2089 815 2120 esset
841 2089 1030 2132 receptus,
1054 2081 1335 2132 iugulationem
1364 2095 1546 2131 magnam

263 2194 283 2214 2
307 2193 350 2214 XL
373 2183 429 2214 T‘:
455 2194 489 2214 xr
508 2184 607 2215 DU‘:
635 2183 831 2215 undecimL
923 2194 939 2222 7
966 2185 1133 2214 rursus·in
1148 2184 1323 2214 Flesscher:
1348 2194 1484 2215 versum
1501 2186 1546 2219 B:

220 2228 252 2257 in
271 2226 306 2256 D
448 2239 469 2267 9
493 2228 627 2267 Ategua
644 2228 776 2259 Aldus:
802 2227 941 2258 articula
958 2226 995 2256 X
1082 2227 1320 2258 Ursaonenses
1339 2227 1544 2259 ciacconius:

220 2271 489 2301 bursavonenses
504 2270 539 2299 X
604 2281 637 2301 11
660 2271 936 2301 Ursaonensibus
950 2270 1137 2301 ciacconius
1153 2283 1159 2301 :
1175 2271 1487 2302 bursavonensibus
1502 2271 1544 2303 T:

220 2313 518 2344 bursavolensibus
537 2318 600 2344 cett.
697 2325 733 2353 ¹3
757 2325 832 2344 cum
854 2313 928 2345 add.
948 2314 994 2344 ed.
1010 2318 1061 2353 pr.
1157 2315 1194 2344 18
1218 2315 1395 2345 aversione
1411 2314 1546 2346 Aldus:

223 2357 380 2388 Ursaone
393 2356 532 2398 Madvig
634 2367 676 2387 20
693 2357 847 2388 lacunam
865 2361 929 2387 nol.
949 2357 1127 2398 Nipperdey
1216 2367 1256 2396 25
1275 2358 1371 2397 petiit
1382 2362 1415 2389 at
1428 2357 1545 2388 ultima

219 2402 312 2431 verba
332 2401 443 2431 veleris
460 2402 634 2440 scripturae
650 2402 682 2431 in
704 2400 770 2431 cod.
791 2400 818 2430 L
837 2412 843 2431 z
877 2400 998 2440 reliqua
1022 2401 1236 2431 recentissima
1259 2405 1346 2431 sunt.
1395 2400 1483 2431 Hinc
1503 2401 1549 2431 ad

212 2445 320 2483 finem
339 2444 411 2473 libri
425 2446 446 2477 β
466 2458 492 2469 r-
509 2454 683 2474 consensus
703 2443 742 2474 U‘
758 2448 786 2473 et
807 2444 841 2473 T‘
