1705 2729
430 136 502 173 DE
535 135 714 173 BELLO
745 133 953 173 AFRICO
986 135 1154 171 LIBER

129 245 259 285 subito
289 245 439 296 equites
471 243 599 282 Mauri
629 257 757 293 neque
787 242 1039 293 opinantibus
1060 242 1303 282 Caesarianis
1323 242 1448 282 adorti

128 311 271 348 multos
311 309 445 347 iaculis
485 310 823 355 convulnerarunt,
864 320 945 345 non
985 308 1113 345 nullos
1161 306 1446 345 interfecerunt.

129 376 269 412 Latent
312 372 417 411 enim
460 372 499 410 in
542 371 692 411 insidiis
735 385 825 409 cum
868 370 978 421 equis
1021 370 1120 409 inter
1159 370 1346 409 convallis
1387 374 1449 412 †et
1470 376 1488 407 6

127 437 257 476 subito
278 436 477 484 exsistunt,
500 449 581 475 non
602 443 643 474 ut
664 435 703 473 in
724 448 865 485 campo
886 434 1108 473 comminus
1129 436 1391 484 depugnent†.

91 511 108 542 5
181 503 325 542 Caesar
354 501 508 540 interim
537 501 577 539 in
607 500 826 539 Sardiniam
864 499 1023 538 nuntios
1058 513 1148 538 cum
1178 500 1312 538 litteris
1342 508 1379 539 et
1408 500 1447 538 in
1469 501 1493 539 8

127 566 293 616 reliquas
323 565 541 616 provincias
570 565 754 603 finitimas
793 564 950 612 dimisit,
985 571 1027 602 ut
1061 564 1134 602 sibi
1163 564 1314 612 auxilia,
1346 578 1450 603 com-

128 638 290 677 meatuS,
314 631 563 676 frumentum,
586 629 701 667 simul
727 636 845 678 atque
874 629 1020 667 litteras
1040 628 1234 679 legissent,
1258 629 1449 667 mittenda

127 702 316 741 curarent,
357 694 653 743 exoneratisque
692 693 832 743 partim
873 693 1038 731 navibus
1078 693 1203 743 longis
1245 693 1449 731 Rabirium

129 762 360 798 Postumum
390 759 429 796 in
469 758 639 797 Siciliam
677 760 728 796 ad
767 759 986 796 secundum
1025 765 1291 795 commeatum
1329 771 1450 796 arces-

71 841 110 863 10
128 826 295 863 sendum
324 824 451 862 mittit.
512 823 673 861 Interim
703 836 794 861 cum
823 835 851 860 Χ
882 822 1046 860 navibus
1067 822 1192 872 longis
1212 824 1262 861 ad
1282 823 1448 872 reliquas
1472 837 1486 857 2

127 889 234 927 navis
273 888 466 927 onerarias
504 888 791 938 conquirendas
830 901 930 937 quae
978 888 1221 925 deerrassent
1259 895 1296 925 et
1334 888 1448 925 simul

127 968 231 992 mare
258 955 450 993 tuendum
471 954 521 991 ab
541 953 720 991 hostibus
740 953 849 991 iubet
873 952 1078 1002 proficisci.
1139 954 1241 990 Item
1263 953 1306 992 C.
1330 954 1449 990 Sallu-
1470 964 1487 994 3

126 1018 242 1056 stium
288 1018 470 1068 Crispum
510 1025 729 1068 praetorem
772 1018 823 1056 ad
865 1016 1073 1056 Cercinam
1102 1016 1271 1054 insulam
1303 1030 1447 1064 versus,

126 1096 244 1133 quam
284 1082 492 1122 adversarii
532 1083 730 1129 tenebant,
764 1095 855 1120 cum
890 1089 998 1131 parte
1036 1081 1194 1119 navium
1235 1081 1288 1119 ire
1328 1081 1447 1129 iubet,

69 1162 105 1193 15
126 1148 234 1197 quod
254 1146 308 1184 ibi
329 1160 514 1196 magnum
534 1159 741 1184 numerum
762 1146 946 1184 frumenti
967 1159 1052 1184 esse
1080 1145 1275 1184 audiebat.
1336 1148 1450 1184 Haec
1470 1162 1489 1191 4

125 1211 178 1250 ita
216 1211 432 1262 imperabat
469 1210 692 1260 unicuique,
729 1210 782 1249 ita
815 1210 1079 1260 praecipiebat
1108 1210 1164 1248 uti
1202 1209 1284 1248 fieri
1317 1217 1450 1260 posset

125 1289 250 1314 necne
274 1277 405 1314 locum
426 1274 625 1314 excusatio
645 1276 797 1313 nullum
819 1275 980 1312 haberet
1009 1287 1082 1312 nec
1104 1287 1254 1312 moram
1274 1274 1451 1324 tergiver-

125 1340 232 1378 satio.
311 1340 402 1389 Ipse
440 1339 586 1378 interea
615 1352 661 1377 ex
690 1338 859 1389 perfugis
888 1346 926 1377 et
955 1338 1093 1377 incolis
1123 1338 1288 1388 cognitis
1317 1338 1450 1377 condi·
1471 1348 1487 1379 5

125 1404 304 1443 cionibus
325 1404 519 1454 Scipionis
540 1411 578 1443 et
598 1403 665 1454 qui
686 1417 776 1442 cum
797 1417 845 1442 eo
866 1404 1013 1442 bellum
1034 1410 1170 1441 contra
1190 1416 1231 1442 se
1250 1404 1447 1453 gerebant,

66 1485 106 1506 20
125 1468 500 1519 miserari—regium
521 1468 625 1507 enim
647 1468 864 1518 equitatum
886 1467 1017 1518 Scipio
1034 1481 1080 1506 ex
1099 1467 1299 1518 provincia
1319 1467 1450 1506 Africa

124 1535 417 1573 alebat—tanta
446 1533 626 1572 homines
656 1546 741 1571 esse
770 1532 970 1571 dementia
999 1540 1041 1570 ut
1072 1532 1208 1570 malint
1237 1532 1334 1582 regis
1364 1546 1449 1570 esse

124 1599 330 1648 vectigales
351 1611 470 1648 quam
492 1611 583 1636 cum
608 1597 757 1636 civibus
782 1596 821 1634 in
851 1596 973 1646 patria
1002 1596 1041 1633 in
1072 1596 1150 1634 suis
1179 1596 1342 1634 fortunis
1363 1610 1448 1635 esse

125 1663 351 1702 incolumes.

177 1729 321 1767 Caesar
360 1741 391 1765 a.
425 1728 460 1765 d.
499 1739 556 1765 111.
591 1728 693 1765 Non.
740 1728 820 1764 Ian.
864 1733 989 1764 eastra
1029 1734 1186 1774 movet3
1226 1726 1339 1776 Lepti
1380 1733 1493 1771 sex9

65 1806 103 1837 25
123 1791 344 1831 cohortium
369 1791 562 1841 praesidio
592 1804 682 1829 cum
712 1792 876 1829 Saserna
905 1790 1040 1828 relicto
1069 1790 1152 1840 ipse
1181 1804 1310 1828 rursus
1340 1792 1446 1828 unde

123 1857 247 1907 pridie
287 1864 444 1895 venerat
498 1856 719 1905 Ruspinam
760 1869 850 1893 curn
893 1855 1050 1905 reliquis
1093 1855 1216 1905 copiis
1257 1855 1447 1893 convertit

122 1921 256 1971 ibique
287 1921 445 1959 sarcinis
475 1920 664 1959 exercitus
694 1920 836 1958 relictis
866 1919 949 1969 ipse
988 1933 1079 1957 cum
1118 1920 1299 1970 expedita
1328 1934 1446 1958 manu

122 1986 379 2036 proficiscitur
417 1985 563 2023 circum
592 1985 701 2023 villas
740 1986 1019 2022 frumentatum
1059 1984 1346 2034 oppidanisque
1380 1985 1447 2022 im-

122 2059 229 2100 perat
269 2059 311 2088 ut
351 2052 520 2100 plaustra
560 2050 813 2099 iumentaque
853 2049 986 2087 omnia
1026 2057 1247 2098 sequantur.
1308 2051 1447 2099 Itaque
1471 2064 1483 2083 2

64 2129 106 2159 30
123 2128 266 2165 magno
303 2128 467 2153 numero
496 2104 679 2153 frumenti
718 2114 877 2153 invento
917 2113 1136 2163 Ruspinam
1166 2113 1274 2152 redit.
1355 2116 1447 2152 Huc

167 2229 186 2257 3
210 2222 247 2248 ut
263 2218 375 2248 subito
392 2218 557 2248 exsistant
570 2217 760 2258 Hoffmann
910 2228 929 2256 4
944 2218 1140 2257 depugnant
1158 2217 1300 2247 Kuebler
1312 2228 1389 2247 cum
1407 2217 1447 2247 Δ1

127 2262 166 2291 16
189 2261 251 2300 uti]
270 2267 304 2291 ut
321 2262 349 2292 si
366 2260 414 2290 D'
525 2266 641 2300 posset
659 2271 767 2291 necne
787 2260 912 2302 (neque
928 2260 979 2300 E)
999 2260 1034 2289 X
1050 2272 1056 2291 x
1081 2265 1223 2299 possent
1241 2271 1303 2291 nec
1317 2260 1453 2290 Kraner

126 2315 163 2343 17
189 2304 332 2345 nullum]
346 2304 450 2334 ullum
466 2304 558 2334 EA²6
573 2304 708 2334 Kmuer
824 2305 863 2334 18
887 2304 1038 2343 profugis
1056 2303 1140 2333 D‘F
1270 2315 1311 2334 20
1336 2304 1446 2333 mirari

122 2347 237 2377 Novak
356 2358 398 2378 ex
419 2348 462 2378 U'
480 2347 518 2377 T'
534 2359 540 2377 ε
558 2352 592 2378 et
608 2347 687 2377 D'L
815 2358 855 2385 24
882 2348 977 2386 Lepti
995 2346 1063 2377 edd.
1082 2358 1088 2376 t
1117 2347 1250 2385 Leptim
1268 2345 1305 2375 X
1406 2356 1447 2384 29

122 2394 196 2419 aule
211 2395 396 2429 sequantur
409 2390 482 2421 add.
502 2401 538 2420 se
560 2390 716 2429 Woelfflin
849 2400 892 2429 30
916 2391 993 2420 Huc
1010 2389 1132 2420 Davies
1148 2402 1154 2420 :
1178 2391 1241 2420 hoc
1257 2389 1294 2419 X
