1705 2729
592 157 826 193 1N(f13R'1‘1
860 156 1140 192 AVCTORIS

166 267 296 310 4nulli
332 274 555 316 queruntur,
597 273 766 304 coactus,
828 267 959 304 Isdem
993 265 1227 304 cruciatibus
1265 267 1440 304 adfectus
1480 268 1522 304 L.

205 333 392 369 Mercello
415 362 420 368 .
445 361 451 369 .
477 361 483 368 .
508 330 679 380 Squillus
709 330 885 368 nominat
916 330 1059 380 pluris;
1094 343 1192 380 quos
1224 330 1382 369 Cassius
1415 330 1527 368 inter-

163 407 179 438 5
202 395 263 433 fici
294 395 401 433 iubet
430 394 602 444 exceptis
632 394 687 432 eis
726 393 791 443 qui
832 407 872 432 se
903 394 1070 444 pecunia
1104 395 1361 432 redemerunt.
1421 396 1526 432 Nam

201 461 329 510 palam
354 461 423 497 HS
447 471 499 496 Lx
520 472 609 497 cum
633 458 847 508 Calpurnio
871 458 1080 508 paciscitur
1100 467 1138 497 et
1158 472 1247 497 cum
1271 460 1318 508 Q.
1343 459 1469 498 Sestio
1491 471 1523 496 L.

202 524 281 573 Qui
311 524 341 562 si
382 524 549 562 maxime
588 530 775 562 nocentes
814 531 904 562 sunt
943 523 1106 571 multati,
1140 530 1271 562 tamen
1311 523 1525 574 periculum
1548 535 1564 566 5

199 589 301 627 vitae
339 590 531 638 dolorque
564 590 769 626 vulnerum
808 588 999 638 pecuniae
1038 587 1221 626 remissus
1256 588 1525 627 crudelitatem

200 668 289 692 curn
317 653 475 692 avaritia
502 661 668 692 certasse
697 653 950 703 significabat.

126 725 179 770 56
252 718 416 768 Aliquot
453 725 542 768 post
580 717 720 756 diebus
759 718 902 756 litteras
936 731 957 756 a
993 719 1160 757 Caesare
1199 717 1335 756 missas
1373 718 1524 768 accipit,

198 782 341 833 quibus
371 782 573 833 cognoscit
604 782 836 832 Pompeium
867 782 906 820 in
936 782 1019 821 acie
1048 782 1194 821 victum
1223 782 1375 821 amissis
1404 782 1527 833 copiis

162 866 176 886 2
197 848 350 898 fugisse.
411 848 501 896 Qua
530 861 569 885 re
599 846 755 896 cognita
784 846 944 885 mixtam
974 848 1109 886 dolore
1133 849 1373 897 voluptatem
1403 847 1528 897 capie-
1549 861 1588 883 10

198 913 287 951 bat:
318 911 500 950 victoriae
527 911 687 949 nuntius
715 910 901 949 laetitiam
928 911 1179 961 exprimebat,
1203 913 1424 950 confectum
1450 913 1528 950 bel-

198 979 279 1015 lum
318 976 515 1015 licentiam
550 984 771 1026 temporum
810 975 1106 1014 intercludebat.
1166 976 1229 1014 Sic
1267 984 1346 1014 erat
1384 976 1528 1015 dubius

160 1059 177 1088 3
198 1042 352 1080 animus
373 1048 503 1079 utrum
524 1040 620 1078 nihil
641 1040 777 1078 timere
803 1053 853 1078 an
881 1040 1014 1078 omnia
1034 1040 1148 1079 licere
1175 1042 1316 1080 mallet.
1376 1040 1528 1080 Sanatis

199 1105 424 1145 vulneribus
458 1105 616 1144 arcessit
645 1105 774 1143 omnis
801 1105 868 1154 qui
898 1104 971 1143 sibi
1001 1105 1187 1155 pecunias
1217 1119 1405 1156 expensas
1435 1107 1529 1144 tule—

199 1178 293 1217 rant,
316 1177 577 1220 acceptasque
598 1183 662 1208 eas
683 1169 791 1208 iubet
815 1169 942 1208 referri
962 1184 970 1217 3
1005 1170 1146 1219 quibus
1167 1184 1302 1220 parum
1324 1171 1529 1210 videbatur
1553 1178 1588 1209 ¹5

161 1254 176 1281 ,ῃ
199 1236 431 1286 imposuisse
453 1235 590 1281 oneris,
614 1234 844 1285 ampliorem
865 1235 1072 1284 pecuniam
1105 1235 1277 1285 imperat.
1338 1235 1527 1285 Equitum

198 1308 330 1339 autem
367 1302 638 1339 Romanorum
678 1299 865 1338 dilectum
897 1299 1086 1346 instituit3
1127 1313 1226 1349 quos
1260 1314 1306 1338 ex
1344 1300 1529 1339 omnibus

198 1365 458 1404 conventibus
479 1364 723 1413 coloniisque
751 1364 992 1414 conscriptos
1017 1364 1272 1403 transmarina
1293 1364 1429 1403 militia
1449 1378 1530 1415 per-

199 1429 350 1468 territos
371 1431 421 1468 acl
442 1428 672 1468 sacramenti
694 1428 1006 1478 redemptionem
1021 1430 1196 1467 vocabat.
1240 1431 1431 1480 Magnum
1452 1431 1528 1467 hoc

160 1508 176 1538 ,ς
199 1494 270 1532 fuit
290 1494 464 1544 vectigal,
489 1493 613 1532 maius
643 1501 773 1532 tamen
804 1494 960 1532 creabat
990 1494 1135 1532 odium.
1197 1493 1272 1531 His
1299 1495 1415 1533 rebus
1439 1507 1529 1532 con·
1549 1503 1589 1524 20

200 1559 309 1597 fectis
342 1566 467 1598 totum
508 1559 719 1597 exercitum
755 1560 914 1606 lustrat3
957 1559 1129 1608 legiones
1160 1571 1256 1608 quas
1286 1559 1325 1596 in
1356 1558 1528 1596 Africam

161 1635 179 1664 6
200 1625 387 1662 ducturus
414 1631 494 1662 erat
519 1631 556 1662 et
583 1623 723 1661 auxilia
754 1623 870 1661 mittit
897 1625 948 1661 ad
978 1623 1192 1661 traiectum.
1252 1625 1343 1673 Ipse
1364 1625 1528 1662 classem

199 1703 317 1739 quam
345 1689 506 1739 parabat
533 1696 574 1726 ut
598 1688 816 1738 inspiceret,
842 1688 1038 1738 Hispalim
1068 1688 1221 1727 accedit
1247 1687 1381 1738 ibique
1408 1701 1529 1726 mora-

199 1762 269 1800 tur,
306 1760 510 1804 propterea
545 1754 653 1803 quod
691 1753 864 1791 edictum
904 1760 985 1791 tota
1022 1752 1223 1803 provincia
1260 1760 1525 1803 proposuerat,

199 1818 342 1868 quibus
372 1818 557 1868 pecunias
587 1817 814 1867 imperasset
844 1830 973 1867 neque
1002 1816 1269 1863 contulissent,
1294 1830 1334 1855 se
1363 1817 1525 1855 adirent.
1549 1825 1587 1856 25

201 1884 313 1931 Quae
334 1881 511 1920 evocatio
531 1883 783 1920 vehementer
804 1881 931 1919 omnis
953 1881 1132 1920 turbavit.

130 1957 178 1995 57
254 1946 416 1985 Interim
447 1948 490 1984 L.
517 1946 654 1992 Titius,
682 1946 749 1995 qui
783 1959 830 1984 eo
865 1954 1040 1996 tempore
1074 1946 1253 1984 tribunus
1287 1945 1453 1984 militum
1488 1946 1528 1984 in

200 2011 352 2061 legione
373 2012 580 2049 vernacula
607 2013 740 2057 fuerat,
764 2010 917 2048 nuntiat
945 2024 1031 2048 eam
1052 2024 1074 2048 a
1095 2011 1248 2060 legione
1272 2022 1385 2056 XXX„
1409 2024 1527 2060 quam

201 2078 247 2124 Q.
274 2075 432 2114 Cassius
453 2077 600 2125 legatus
628 2075 741 2113 simul
770 2075 949 2121 ducebat,
973 2088 1063 2113 cum
1093 2076 1144 2113 ad
1174 2075 1364 2125 oppidum
1387 2075 1527 2125 Ilipam

248 2189 261 2209 1
291 2179 383 2209 Idem
404 2178 496 2208 D‘T'
611 2189 629 2208 2
656 2178 818 2208 Mercelio
844 2177 971 2208 DL‘T:
1009 2177 1181 2208 Mercellio
1209 2178 1255 2208 V:
1291 2178 1456 2218 Mer-gelio
1478 2179 1526 2209 E:

195 2226 270 2263 post
287 2222 447 2252 Mercello
463 2223 616 2251 lacunam
635 2221 725 2252 indic.
740 2221 918 2261 Nz'ppcrdqy
987 2221 1137 2259 Squillus
1153 2221 1209 2252 del.
1224 2221 1343 2252 Dinler
1427 2233 1446 2260 4
1465 2222 1526 2252 HS

202 2287 244 2306 Lx
264 2275 450 2315 Glandorp:
477 2263 527 2306 sffi
546 2285 567 2305 x
585 2275 723 2306 D‘L‘T:
750 2286 813 2306 om.
834 2274 865 2304 V
879 2275 981 2305 relicto
996 2275 1100 2315 spatio
1222 2285 1240 2314 5
1266 2275 1330 2314 Qui
1348 2274 1401 2305 X:
1428 2275 1527 2314 Quod

199 2319 371 2350 Sclmeidrr
455 2329 491 2349 12
512 2322 585 2359 post
598 2319 768 2349 licentiam
783 2318 856 2350 add.
872 2318 1082 2357 superiorum
1093 2318 1250 2349 Fleisclter
1338 2328 1375 2357 13
1393 2320 1526 2350 animus

201 2362 338 2393 D‘L'V2
364 2363 487 2392 animis
506 2362 548 2392 T:
574 2362 675 2392 animi
692 2362 839 2401 Scaliger
927 2372 964 2391 21
993 2367 1098 2392 totum
1113 2363 1191 2392 A²c32
1220 2367 1334 2392 notum
1352 2361 1524 2392 D‘LUT‘:

202 2416 322 2436 novum
340 2406 371 2435 F
476 2416 515 2445 25
541 2409 614 2436 ante
630 2406 749 2444 quibus
766 2404 839 2436 add.
860 2410 894 2435 ut
911 2405 952 2435 L'
1058 2406 1099 2434 28
1124 2415 1196 2435 eam
1215 2416 1232 2436 a
1250 2405 1342 2436 Inm'n
1357 2417 1362 2435 τ
1390 2406 1475 2436 fama
1493 2405 1530 2435 X

201 2449 368 2487 legionem
388 2449 450 2478 EF
576 2459 617 2487 29
645 2449 762 2487 Ilipam
783 2448 968 2489 Glmzdotp:
998 2448 1127 2488 Leptim
1147 2448 1182 2478 X
