1705 2729
595 138 638 176 C.
674 139 788 176 IVLI
821 139 1089 177 CAESARIS

181 245 391 297 irrumpere
422 248 542 286 nostri
572 256 815 294 conarentur,
849 248 901 286 illi
931 258 1054 287 castra
1086 251 1352 297 defenderent,
1384 251 1505 289 fortis-

181 311 278 349 sime
298 313 343 349 Τ.
362 312 559 358 Puleione,
579 311 688 350 cuius
710 325 827 362 opera
848 313 1046 363 proditum
1068 314 1278 352 exercitum
1296 316 1338 353 C.
1356 314 1505 353 Antoni

142 385 161 416 6
181 376 546 423 demonstravimus,
579 390 600 415 e
635 378 722 415 loco
757 385 1038 427 propugnante.
1110 379 1187 416 Sed
1222 387 1353 417 tamen
1384 379 1505 418 nostri

180 440 319 477 virtute
353 440 528 478 vicerunt
562 440 771 490 excisoque
805 441 922 479 ericio
961 441 1086 491 primo
1120 442 1159 479 in
1192 442 1338 481 maiora
1369 452 1502 490 castra,

181 512 269 554 post
297 504 413 542 etiam
442 504 481 542 in
509 507 712 543 castellum
743 507 957 555 quoderat
985 506 1179 544 inclusum
1210 507 1420 546 maioribus
1447 521 1507 546 ca-

181 568 267 606 stris
294 568 522 618 irruperunt,
553 571 662 619 quod
696 582 743 608 eo
778 571 889 619 pulsa
920 570 1020 619 legio
1048 584 1133 609 sese
1162 579 1387 621 receperat,-
1425 585 1506 610 non

181 634 309 671 nullos
331 632 382 671 ibi
405 633 656 683 repugnantis
683 633 967 672 interfecerunt.

108 700 163 739 68
236 699 315 736 Sed
335 698 500 744 fortuna,
524 711 624 748 quae
645 698 855 748 plurimum
881 706 1009 748 potest
1030 712 1120 737 curn
1141 699 1181 738 in
1208 700 1365 750 reliquis
1391 701 1506 739 rebus

182 768 266 799 tum
301 762 508 812 praecipue
542 762 581 799 in
620 763 735 809 bello,
772 762 898 813 parvis
937 764 1146 802 momentis
1186 777 1345 815 magnas
1379 779 1506 804 rerum

145 843 159 863 2
181 826 510 865 commutationes
537 827 653 865 efficit
668 842 677 874 3
708 835 748 865 ut
775 835 858 865 turn
888 828 1039 866 accidit.
1102 829 1367 868 Munitionem
1389 843 1506 880 quarn

181 890 373 941 pertinere
399 904 422 929 a
446 891 579 929 castris
606 892 657 930 ad
684 893 830 930 flumen
861 905 977 941 supra
1003 893 1356 932 demonstravimus
1383 894 1507 933 dextri

182 955 358 995 Caesaris
388 969 530 994 cornus
557 958 738 994 cohortes
768 957 984 1006 ignorantia
1010 958 1086 996 loci
1110 966 1200 996 sunt
1227 966 1394 1006 secutae,
1417 972 1507 997 cum

180 1026 332 1070 portam
353 1027 584 1070 quaererent
604 1028 898 1070 castrorumque
919 1034 1005 1059 eam
1026 1022 1286 1060 munitionem
1307 1035 1391 1061 esse
1411 1023 1508 1062 arbi-

144 1095 161 1125 3
181 1092 380 1123 trarentur.
438 1085 559 1133 Quod
581 1097 671 1122 cum
693 1092 794 1123 esset
814 1085 1129 1125 animadversum
1151 1086 1401 1125 coniunctam
1424 1100 1508 1127 esse

180 1148 342 1195 flumini,
366 1148 532 1198 prorutis
561 1148 846 1187 munitionibus
874 1151 1112 1189 defendente
1132 1152 1241 1189 nullo
1261 1153 1509 1190 transcende-

180 1221 280 1261 runt,
304 1213 510 1263 omnisque
531 1221 663 1252 noster
683 1214 877 1263 equitatus
898 1228 961 1253 eas
983 1215 1154 1253 cohortis
1175 1223 1231 1254 est
1253 1223 1418 1255 secutus.

101 1270 159 1317 69
236 1277 396 1316 Interim
428 1277 639 1328 Pompeius
670 1279 742 1316 hac
772 1278 864 1316 satis
893 1280 1008 1328 longa
1037 1278 1237 1318 interiecta
1267 1294 1374 1318 mora
1404 1289 1441 1319 et
1468 1295 1507 1319 re

180 1343 356 1380 nuntiata
377 1355 401 1379 v
422 1342 594 1391 legiones
623 1343 674 1381 ab
699 1356 816 1393 opere
843 1344 1032 1382 deductas
1062 1344 1238 1383 subsidio
1265 1345 1343 1384 suis
1373 1346 1483 1384 duxit
1498 1361 1507 1394 ;

180 1408 401 1457 eodemque
430 1415 606 1457 tempore
636 1407 830 1457 equitatus
860 1408 942 1446 eius
974 1409 1113 1446 nostris
1145 1410 1342 1459 equitibus
1372 1424 1510 1461 appro—

179 1472 395 1522 pinquabat
413 1480 450 1510 et
470 1472 572 1510 acies
594 1472 779 1511 instructa
795 1486 816 1511 a
833 1473 973 1512 nostris
994 1474 1060 1523 qui
1082 1482 1205 1513 castra
1221 1484 1507 1526 occupaverant

145 1551 159 1571 2
181 1537 411 1575 cernebatur
431 1537 642 1587 omniaque
663 1545 752 1575 sunt
773 1538 903 1576 subito
924 1546 1081 1577 mutata.
1144 1540 1383 1590 Pompeiana
1407 1541 1508 1591 legio

181 1602 314 1640 celeris
342 1615 411 1652 spe
440 1601 589 1640 subsidi
617 1603 846 1641 confirmata
874 1604 924 1642 ab
949 1605 1169 1643 decumana
1198 1613 1308 1655 porta
1332 1605 1508 1644 resistere

180 1667 396 1704 conabatur
421 1674 539 1716 atque
560 1668 660 1704 ultro
686 1667 726 1704 in
751 1675 904 1706 nostros
931 1668 1122 1719 impetum
1152 1670 1328 1709 faciebat.
1392 1670 1508 1721 Equi-

181 1738 283 1768 tatus
305 1730 492 1777 Caesaris,
515 1732 623 1780 quod
643 1739 809 1781 angusto
830 1732 966 1771 itinere
987 1747 1055 1783 per
1078 1747 1236 1783 aggeres
1255 1735 1506 1782 ascendebat,

145 1806 162 1836 3
181 1794 352 1844 receptui
374 1807 445 1833 suo
465 1795 606 1833 timen‘s
628 1795 781 1834 initium
797 1798 911 1846 fugae
932 1797 1108 1836 faciebat.
1161 1800 1351 1837 Dextrum
1372 1812 1504 1846 cornu,

181 1860 289 1908 quod
310 1866 389 1896 erat
409 1872 431 1897 a
452 1859 606 1897 sinistro
631 1862 837 1908 seclusum,
861 1869 1005 1900 terrore
1026 1862 1201 1911 equitum
1222 1863 1505 1910 animadverso,

181 1936 231 1961 ne
251 1923 349 1961 intra
373 1923 632 1962 munitionem
654 1925 946 1974 opprimeretur,
971 1940 1015 1964 ea
1039 1934 1146 1976 parte
1167 1940 1284 1976 quarn
1310 1936 1506 1977 proruerat

227 2035 240 2055 1
268 2025 450 2056 fortissime
468 2037 504 2057 r:
530 2026 779 2066 fortissimeque
803 2026 841 2056 X
970 2038 989 2057 2
1015 2027 1176 2058 Puleione
1195 2027 1334 2060 D'L'V:
1365 2028 1506 2059 Pulione

186 2068 231 2099 T:
258 2068 394 2098 Pullone
411 2069 587 2099 Schneider
716 2080 735 2108 3
761 2070 795 2111 e]
815 2080 854 2100 eo
877 2069 908 2099 V
1032 2081 1068 2100 12
1093 2081 1215 2101 cornus
1236 2071 1292 2101 U‘:
1318 2081 1423 2101 cornu
1441 2075 1504 2103 cett.

184 2113 351 2151 (dextrum
377 2112 532 2142 Caesaris
556 2123 661 2143 cornu
686 2112 748 2153 D‘)
921 2123 957 2151 14
984 2113 1081 2152 Quod
1099 2113 1164 2144 D':
1187 2124 1219 2152 q.
1238 2115 1339 2153 (quae
1357 2113 1385 2143 L
1398 2114 1465 2154 pr.)
1483 2117 1507 2149 β

181 2155 395 2185 coniunctam
412 2154 474 2186 D‘:
510 2157 690 2185 coniuncta
707 2158 730 2190 β
919 2165 956 2194 15
982 2157 1128 2195 prorutis
1148 2156 1333 2186 Cz'accom'us
1348 2168 1355 2187 ε
1394 2167 1454 2196 pro
1471 2163 1506 2188 ut

182 2198 211 2227 is
229 2198 296 2237 <his
315 2197 430 2236 LFT‘)
446 2197 483 2226 X
586 2200 625 2228 16
649 2209 707 2229 eas
723 2201 765 2233 B:
791 2209 832 2228 eo
848 2197 893 2227 D'
1008 2199 1046 2228 18
1070 2200 1221 2237 legiones
1238 2199 1434 2239 Nipperdey:
1463 2210 1505 2230 Ν·

181 2240 314 2278 legione
338 2239 435 2270 DT':
485 2251 525 2270 -v-
544 2242 677 2279 legione
700 2241 776 2271 EL¹
947 2242 1108 2272 deductas
1130 2241 1324 2282 Nipperdfy:
1362 2243 1506 2274 deducta

181 2282 279 2313 DT‘:
304 2284 446 2314 deducta
463 2283 536 2314 El!
668 2295 708 2314 22
734 2284 852 2315 celeris
870 2284 1034 2315 Faernus:
1059 2285 1159 2315 celeri
1177 2284 1213 2314 X
1342 2295 1382 2324 23
1407 2296 1505 2317 cona-

181 2326 279 2356 batur
293 2325 498 2366 Stephanus:
525 2332 664 2358 conatur
680 2326 718 2356 X
857 2337 896 2367 27
922 2338 961 2358 ea
977 2327 1141 2360 Faernus:
1167 2339 1210 2358 ex
1228 2327 1265 2357 X
1431 2339 1504 2368 pro·

183 2374 293 2400 ruerat
312 2369 512 2401 Ciaccom‘ets:
539 2370 719 2409 proruebat
737 2369 774 2400 X

1530 842 1569 864 10

1530 1165 1567 1197 15

1530 1490 1568 1512 20

1529 1813 1566 1846 ²5
