1705 2729
426 145 498 182 DE
531 145 709 182 BELLO
740 145 949 184 AFRICO
981 146 1150 182 LIBER

125 266 200 302 que
221 253 393 291 subitum
414 255 625 292 adventum
649 262 887 304 praeparent.
949 256 1038 302 Qua
1067 256 1117 293 de
1145 269 1183 293 re
1212 257 1355 294 Caesar
1379 269 1446 306 per
1467 273 1482 294 2

124 316 294 355 indicem
335 318 474 356 certior
512 320 635 356 factus
683 318 793 356 tertia
830 318 959 368 vigilia
997 319 1169 368 legiones
1210 321 1306 357 duas
1354 334 1445 358 cum

124 381 297 431 equitatu
328 382 444 420 mittit
473 396 495 420 a
525 383 656 421 castris
688 383 766 421 suis
799 382 904 421 milia
934 397 1119 433 passuum
1151 396 1177 421 x
1208 392 1326 434 atque
1353 384 1445 423 inde

124 460 265 496 magno
286 460 450 485 numero
471 448 655 486 frumenti
676 455 838 486 onustos
863 448 998 498 recipit
1026 448 1065 485 in
1093 457 1227 486 castra.
1289 448 1444 497 Quibus
1465 465 1482 495 3

84 518 100 549 5
122 510 236 548 rebus
257 511 421 560 cognitis
443 512 640 550 Labienus
668 525 891 562 progressus
919 526 941 550 a
968 512 1046 550 suis
1074 513 1207 551 castris
1233 512 1338 550 milia
1362 527 1445 563 pas-

121 587 233 611 suum
256 587 311 612 V11
334 589 402 624 per
422 575 553 625 iugum
582 584 619 614 et
644 578 796 622 collem,
819 590 886 626 per
907 590 1025 626 quem
1054 578 1197 615 Caesar
1223 577 1347 627 pridie
1374 577 1444 616 iter

120 640 272 686 fecerat,
306 639 359 677 ibi
391 647 515 678 castra
546 642 710 678 duarum
742 640 941 690 legionum
971 641 1062 679 facit
1091 649 1209 691 atque
1240 641 1322 691 ipse
1352 642 1443 679 coti-

119 703 183 742 die
210 703 433 742 existimans
464 706 673 744 Caesarem
706 706 843 743 eadem
878 718 994 754 saepe
1023 705 1288 744 frumentandi
1322 706 1443 756 gratia

118 777 429 807 commeaturum
445 783 535 808 cum
558 784 700 820 magno
716 770 891 820 equitatu
909 769 1063 820 levique
1078 777 1273 809 armatura
1289 769 1443 809 insidia-

60 848 99 870 10
119 841 225 871 turus
245 833 340 872 locis
361 833 513 872 idoneis
533 834 713 873 considit.

171 899 316 936 Caesar
353 898 507 937 interim
546 900 595 938 de
634 899 784 938 insidiis
821 899 985 938 Labieni
1017 914 1063 938 ex
1097 900 1266 950 perfugis
1302 900 1441 939 certior
1460 907 1518 945 66

116 963 239 1000 factus
269 976 416 1012 paucos
446 963 529 1002 dies
559 963 612 1002 ibi
642 972 919 1011 commoratus,
949 965 1044 1003 dum
1075 965 1209 1003 hostes
1239 965 1439 1004 cotidiano

115 1025 292 1065 instituto
309 1041 425 1078 saepe
446 1027 551 1066 idem
573 1028 754 1068 faciendo
774 1029 813 1067 in
835 1028 1121 1079 neglegentiam
1138 1030 1437 1077 adducerentur,

115 1091 246 1130 subito
280 1105 396 1130 mane
429 1091 593 1142 imperat
628 1100 739 1143 porta
772 1094 993 1132 decumana
1031 1093 1204 1144 legiones
1239 1107 1280 1132 se
1312 1098 1439 1135 †V111†

57 1169 93 1200 15
115 1164 314 1194 veteranas
343 1170 434 1194 cum
460 1164 568 1206 parte
595 1156 790 1207 equitatus
819 1157 929 1207 sequi
958 1165 1077 1207 atque
1106 1158 1304 1209 equitibus
1334 1173 1438 1209 prae-

115 1220 240 1258 missis
275 1234 404 1271 neque
438 1221 634 1272 opinantis
672 1222 917 1261 insidiatores
953 1222 1084 1261 subito
1121 1223 1159 1261 in
1195 1224 1437 1263 convallibus

113 1285 266 1324 latentis
304 1299 356 1324 ex
393 1286 467 1325 levi
505 1294 698 1325 armatura
731 1287 905 1326 concidit
939 1287 1090 1326 circiter
1124 1300 1162 1335 D,
1197 1288 1367 1338 reliquos
1397 1289 1436 1327 in

112 1351 241 1400 fugam
256 1350 518 1400 turpissimam
534 1351 712 1390 coniecit.
757 1351 919 1390 Interim
933 1352 1133 1391 Labienus
1148 1366 1238 1391 cum
1255 1353 1436 1392 universo
1458 1374 1471 1394 2

113 1414 287 1465 equitatu
326 1415 563 1466 fugientibus
599 1416 676 1455 suis
711 1417 909 1467 suppetias
950 1417 1126 1456 occurrit.
1202 1418 1324 1457 Cuius
1355 1419 1433 1457 vim
1455 1434 1472 1465 3

52 1491 92 1513 20
112 1479 372 1519 multitudinis
389 1494 479 1518 cum
496 1480 646 1530 equites
663 1481 777 1531 pauci
800 1481 1022 1520 Caesariani
1045 1482 1121 1520 iam
1143 1482 1332 1521 sustinere
1353 1497 1433 1522 non

112 1551 280 1593 possent,
305 1546 449 1584 Caesar
472 1544 678 1583 instructas
707 1545 880 1595 legiones
910 1545 1082 1584 hostium
1104 1547 1227 1596 copiis
1248 1548 1430 1587 ostendit.

111 1608 203 1655 Quo
228 1609 330 1646 facto
358 1608 559 1658 perterrito
586 1608 763 1647 Labieno
789 1623 835 1648 ac
859 1611 1053 1649 retardato
1083 1623 1174 1649 suos
1201 1611 1351 1661 equites
1379 1626 1432 1651 re·
1450 1624 1471 1655 4

109 1671 213 1722 cepit
242 1673 460 1712 incolumis.
523 1675 684 1712 Postero
706 1673 770 1712 die
800 1674 899 1712 Iuba
927 1675 1122 1714 Numidas
1152 1688 1219 1713 eos
1249 1676 1316 1726 qui
1343 1678 1431 1715 loco

108 1737 253 1776 amisso
273 1739 363 1789 fuga
384 1752 424 1777 se
446 1746 671 1788 receperant
693 1738 732 1776 in
753 1746 877 1777 castra
898 1739 936 1776 in
957 1752 1072 1778 cruce
1093 1739 1220 1777 omnis
1241 1740 1392 1779 suffixit.

50 1814 88 1845 25
164 1804 308 1842 Caesar
345 1803 510 1850 interim,
547 1802 733 1853 quoniam
774 1802 907 1853 inopia
948 1803 1131 1841 frumenti
1170 1805 1427 1853 premebatur,
1449 1806 1503 1855 67

108 1867 241 1918 copias
279 1868 406 1907 omnis
444 1868 484 1906 in
523 1876 647 1907 castra
685 1868 872 1906 conducit
913 1875 1031 1918 atque
1074 1867 1268 1918 praesidio
1303 1868 1428 1919 Lepti,

109 1932 320 1983 Ruspinae,
343 1935 503 1983 Acyllae
528 1933 673 1980 relicto,
705 1932 841 1983 Cispio
873 1932 1120 1982 Aquilaeque
1144 1934 1266 1971 classe
1291 1932 1430 1971 tradita

106 2004 148 2034 ut
171 1998 267 2035 alter
292 1998 596 2045 Hadrumetum,
618 2000 714 2036 alter
735 1999 939 2048 Thapsum
966 1996 1062 2035 mari
1087 1996 1323 2044 obsiderent,
1346 1996 1429 2047 ipse

105 2061 238 2100 castris
268 2062 437 2101 incensis
467 2070 603 2113 quarta
631 2062 758 2101 noctis
787 2062 916 2112 vigilia
943 2062 1026 2101 acie
1051 2061 1239 2100 instructa
1267 2061 1429 2111 impedi-

46 2138 85 2169 30
106 2127 246 2165 mentis
276 2127 315 2165 in
345 2127 498 2166 sinistra
525 2135 634 2178 parte
665 2127 865 2166 collocatis
895 2141 941 2166 ex
970 2141 1017 2166 eo
1049 2128 1138 2165 loco
1172 2126 1429 2177 proficiscitur

105 2198 143 2230 et
163 2191 337 2241 pervenit
356 2193 407 2231 ad
427 2192 618 2243 oppidum
640 2194 778 2243 Aggar,
802 2193 909 2242 quod
929 2205 952 2230 a
974 2191 1149 2230 Gaetulis
1177 2204 1293 2241 saepe
1313 2198 1428 2229 antea

104 2264 373 2306 oppugnatum
394 2270 628 2307 summaque
648 2257 685 2295 vi
712 2270 780 2307 per
809 2256 914 2306 ipsos
941 2256 1162 2307 oppidanos
1190 2264 1270 2294 erat
1297 2257 1427 2295 defen-

152 2370 188 2398 14
213 2369 276 2390 vm
294 2360 344 2390 vel
357 2365 434 2391 octo
451 2359 504 2390 X:
531 2370 570 2390 111
588 2359 765 2401 Nipperdey
850 2361 888 2390 16
906 2363 981 2399 post
996 2360 1108 2391 subito
1126 2359 1316 2390 addendum
1328 2362 1428 2399 putat

105 2404 242 2434 adortus
259 2403 399 2434 Diibner
530 2414 566 2442 17
592 2414 635 2434 ex
652 2403 727 2434 add.
746 2402 925 2444 Nipperdey

149 2467 242 2489 CAEs.
263 2468 341 2488 AFR.
1302 2458 1340 2487 16
