1705 2729
364 170 438 205 DE
470 169 649 206 BELLO
682 169 1042 206 HISPANIENSI
1075 171 1244 207 LIBER

143 278 316 317 Ucubim
351 278 562 327 Pompeius
592 278 827 328 praesidium
862 279 969 327 quod
1004 278 1157 327 reliquit
1189 278 1297 316 iussit
1336 279 1464 317 incen-

140 344 242 389 dere,
283 350 325 381 ut
363 343 504 381 deusto
541 342 689 393 oppido
729 342 769 380 in
806 350 930 380 castra
969 342 1116 380 maiora
1153 356 1194 381 se
1234 343 1460 392 reciperent.

142 407 370 456 Insequenti
399 414 575 457 tempore
601 407 867 457 Ventiponem
896 407 1087 456 oppidum
1117 420 1205 444 cum
1238 420 1463 457 oppugnare
1486 419 1501 450 5

139 471 341 521 coepisset,
383 471 584 509 deditione
622 473 723 509 facta
760 471 831 509 iter
868 471 958 509 fecit
997 471 1036 508 in
1071 473 1293 518 Carrucam,
1329 480 1463 509 contra

100 548 117 579 5
140 536 375 586 Pompeium
396 543 519 573 castra
540 535 680 585 posuit.
742 535 953 585 Pompeius
975 535 1177 584 oppidum,
1201 537 1308 584 quod
1329 543 1463 574 contra
1485 542 1502 572 6

138 614 208 638 sua
245 600 437 650 praesidia
476 608 606 649 portas
649 599 860 646 clausisset,
906 599 1106 646 incendit,
1155 599 1356 649 milesque,
1397 601 1464 650 qui

139 666 293 702 fratrem
320 677 433 702 suum
461 664 500 701 in
527 664 660 702 castris
686 664 905 713 iugulasset,
933 664 1169 713 interceptus
1195 671 1251 701 est
1275 677 1297 701 a
1324 664 1464 701 nostris

138 736 177 766 et
214 728 380 766 fustibus
419 741 634 778 percussus.
710 728 818 766 Hinc
861 728 996 766 itinere
1044 729 1146 765 facto
1194 728 1233 765 in
1281 741 1462 777 campum

141 794 406 831 Mundensem
438 806 528 830 cum
562 800 663 831 esset
694 800 865 839 ventum,
900 800 1023 830 castra
1062 799 1197 830 contra
1231 792 1464 842 Pompeium

81 872 121 894 10
138 857 348 895 constituit.

192 921 379 971 Sequenti
403 921 467 960 die
501 935 591 960 cum
625 922 695 960 iter
726 923 851 960 facere
884 922 1027 960 Caesar
1058 935 1147 959 cum
1179 921 1302 971 copiis
1336 922 1461 967 vellet,
1484 921 1534 957 28

138 985 402 1024 renuntiatum
429 993 486 1024 est
506 999 529 1024 a
549 985 858 1035 speculatoribus
881 985 1113 1034 Pompeium
1135 987 1184 1023 de
1205 985 1315 1023 tertia
1337 984 1463 1034 vigilia

138 1050 178 1087 in
215 1050 299 1088 acie
337 1050 497 1088 stetisse.
565 1052 656 1088 Hoc
694 1050 833 1088 nuntio
872 1051 989 1087 allato
1027 1050 1209 1087 vexillum
1249 1049 1460 1099 proposuit.
1487 1061 1500 1081 2

140 1114 294 1152 Idcirco
320 1114 424 1152 enim
454 1114 585 1164 copias
615 1116 810 1160 eduxerat,
833 1115 940 1164 quod
969 1114 1279 1153 Ursaonensium
1306 1113 1462 1159 civitati,

82 1191 119 1223 15
138 1180 210 1228 qui
235 1179 300 1217 sni
325 1179 487 1217 fuissent
520 1181 700 1226 fautores,
733 1187 848 1217 antea
882 1179 1025 1217 litteras
1065 1179 1220 1217 miserat
1255 1180 1463 1218 Caesarem

139 1243 243 1280 nolle
263 1241 302 1279 in
323 1244 540 1280 convallem
561 1244 812 1289 descendere,
835 1244 943 1292 quod
971 1243 1159 1281 maiorem
1183 1250 1332 1292 partem
1362 1256 1464 1281 exer-

138 1307 238 1344 citus
265 1306 431 1344 tironem
452 1307 622 1345 haberet.
684 1309 774 1345 Hae
804 1307 952 1346 litterae
981 1309 1233 1345 vehementer
1261 1308 1465 1345 confirma·
1485 1318 1502 1348 3

140 1371 234 1409 bant
259 1370 399 1408 mentis
429 1370 727 1420 oppidanorum.
789 1372 849 1409 Ita
876 1372 948 1409 hac
975 1371 1161 1421 opinione
1191 1373 1309 1409 fretus
1337 1379 1463 1409 totum

139 1448 181 1473 se
200 1436 326 1473 facere
345 1447 460 1485 posse
480 1435 748 1473 existimabat:
778 1435 923 1474 etenim
950 1443 988 1473 et
1017 1443 1153 1473 natura
1178 1435 1255 1474 loci
1280 1437 1464 1474 defende-

82 1513 122 1535 20
139 1500 253 1538 batur
268 1506 306 1538 et
318 1499 438 1549 ipsius
454 1500 589 1550 oppidi
611 1499 840 1546 munitione,
859 1499 925 1538 ubi
942 1507 1066 1538 castra
1086 1499 1222 1538 habuit
1238 1500 1460 1538 constituta.

141 1566 323 1614 Namque
375 1572 416 1602 ut
463 1564 638 1614 superius
686 1564 1051 1611 demonstravimus,
1101 1566 1187 1602 loca
1235 1565 1461 1603 excellentia
1482 1583 1503 1612 4

139 1628 298 1666 tumulis
318 1628 508 1667 contineri
528 1628 706 1669 †interim
731 1630 836 1667 nulla
863 1629 1024 1679 planitia
1048 1628 1259 1676 edividit†;
1287 1628 1327 1667 id
1355 1630 1462 1678 quod

139 1707 187 1732 eo
207 1693 343 1732 incidit
363 1701 548 1743 tempore.

194 1758 378 1797 Planities
408 1758 507 1797 inter
535 1766 699 1808 utraque
727 1766 852 1797 castra
881 1758 1149 1797 intercedebat
1178 1758 1329 1796 circiter
1357 1758 1463 1796 milia
1481 1768 1536 1804 29

83 1843 120 1874 ²5
140 1837 325 1874 passuum
348 1835 382 1870 V,
406 1830 448 1861 ut
471 1823 613 1861 auxilia
634 1823 798 1872 Pompei
829 1824 983 1862 duabus
1011 1824 1314 1862 defenderentur
1334 1823 1459 1869 rebus,

140 1888 288 1938 oppido
335 1895 373 1926 et
416 1887 556 1926 excelsi
603 1887 678 1926 loci
720 1895 865 1925 natura.
927 1887 1036 1925 Hinc
1075 1887 1244 1936 dirigens
1288 1887 1464 1936 proxima
1486 1902 1499 1922 2

139 1952 318 2003 planities
347 1953 597 2002 aequabatur.
658 1952 780 1991 Cuius
814 1953 1023 1990 decursum
1058 1952 1317 1990 antecedebat
1347 1951 1461 1999 rivus,

185 2058 197 2077 1
226 2047 366 2077 Ucubim
390 2046 458 2078 edd.
479 2059 485 2078 :
519 2047 684 2078 Aucubim
709 2046 757 2078 V:
789 2047 950 2078 Accubim
972 2046 1087 2077 DU'T
1281 2046 1463 2076 incendere

139 2096 175 2121 ut
191 2090 245 2120 D:
271 2091 454 2121 incendere
472 2095 506 2121 et
528 2090 578 2121 V:
603 2091 825 2121 incenderent
843 2094 877 2120 et
898 2090 958 2120 U':
983 2094 1019 2120 ut
1038 2090 1260 2120 incenderent
1277 2094 1311 2119 et
1333 2088 1362 2118 T
1444 2099 1465 2128 3

139 2134 366 2173 Ventiponem
384 2134 562 2174 Nipperdey
578 2146 584 2165 z
607 2134 813 2172 Ventiponte
830 2132 868 2162 X
989 2133 1009 2162 8
1034 2133 1175 2163 fustibus
1191 2132 1226 2162 D
1242 2144 1248 2163 ε
1273 2133 1349 2162 fusti
1371 2132 1464 2163 U‘T:

140 2177 225 2208 suste
244 2177 275 2206 V
363 2188 401 2207 12
426 2177 701 2217 praenuntiatum
722 2176 753 2206 V
851 2186 888 2215 15
913 2176 968 2215 qui
985 2177 1035 2206 sui
1054 2176 1127 2206 add.
1147 2175 1326 2215 Nipperdey
1425 2176 1464 2206 18

139 2225 244 2251 totum
262 2231 298 2251 se
317 2220 516 2261 Oudendorp
532 2233 538 2252 z
563 2226 670 2252 totum
687 2219 722 2249 D
738 2233 744 2251 :
769 2225 857 2251 totos
874 2222 896 2254 β
913 2232 919 2250 z
944 2224 1015 2250 tuto
1033 2230 1069 2250 se
1090 2220 1220 2259 Lipsius
1345 2228 1383 2258 19
1408 2219 1463 2248 de-

140 2264 341 2294 fendebatur
357 2266 403 2294 Δδ
419 2276 426 2295 :
450 2265 722 2295 defendebantur
738 2263 775 2293 X
919 2273 957 2293 21
985 2263 1216 2302 superioribus
1238 2262 1266 2292 T
1424 2272 1464 2291 22

140 2307 231 2337 nulla
263 2307 400 2346 planitia
439 2308 576 2338 edividit
614 2308 667 2338 D:
715 2307 807 2337 nullz‘i
845 2306 1005 2346 planitiae
1044 2307 1160 2336 dividit
1202 2305 1291 2336 U'T:
1340 2304 1463 2335 nullam

140 2350 279 2389 planitie
293 2351 394 2381 dividi
415 2350 446 2379 V
605 2351 780 2381 intervallo
797 2349 947 2389 planitiei
965 2349 1067 2380 dividi
1083 2349 1262 2390 Nipperdqv
1423 2358 1464 2387 25

141 2394 263 2424 auxilia
280 2392 336 2424 X:
359 2394 527 2433 praesidia
544 2393 721 2434 Nipperdey
866 2394 908 2422 26
930 2393 1055 2432 oppido
1072 2397 1105 2422 et
1123 2393 1246 2422 excelsi
1265 2391 1441 2432 Nipperdey
1458 2403 1464 2409 ·

141 2437 255 2476 oppidi
274 2437 398 2466 excelsi
418 2443 450 2466 et
467 2436 504 2466 X
633 2437 782 2475 dirigens
800 2435 855 2466 X:
881 2437 1038 2474 derigens
1055 2436 1193 2466 Knebler
