1705 2729
602 173 837 212 INCERTI
868 173 1151 212 AVCTORIS

210 281 343 319 classis
363 289 479 320 aucto
501 282 689 321 militibus
710 283 901 322 veteranis
931 283 1134 333 impositis,
1158 297 1323 334 quorum
1355 298 1537 335 magnam

210 345 363 396 copiam
386 347 557 385 habebat
572 361 618 385 ex
632 347 816 386 omnibus
833 348 1062 398 legionibus,
1079 348 1145 398 qui
1159 362 1323 388 numero
1335 363 1537 399 aegrorum

210 410 332 449 relicti
353 418 461 449 erant
484 411 679 459 Brundisi,
698 426 788 450 cum
810 413 999 451 exercitus
1021 413 1059 451 in
1083 413 1286 452 Graeciam
1308 421 1538 464 transporta-

210 483 322 522 retur,
359 477 555 525 profectus
590 484 648 515 est
682 477 720 515 in
755 477 951 527 Illyricum
984 478 1274 528 maritimasque
1302 492 1382 517 non
1413 480 1538 516 nullas

209 539 395 586 civitateS,
419 554 519 590 quae
549 542 773 580 defecerant
798 542 1043 592 Octavioque
1065 556 1105 581 se
1127 542 1374 589 tradiderant,
1398 543 1537 593 partim
1558 552 1576 584 5

209 604 431 654 recipiebat,
463 605 603 655 partim
635 607 872 645 remanentis
902 607 941 645 in
972 621 1043 646 suo
1077 606 1242 646 consilio
1275 608 1538 657 praetervehe-

210 671 322 708 batur
343 684 415 708 nec
436 670 509 709 sibi
531 671 646 709 ullius
677 672 729 710 rei
756 685 905 710 moram
926 671 1279 721 necessitatemque
1309 671 1538 722 iniungebat

208 734 303 784 quin
325 748 441 784 quam
470 735 670 774 celerrime
694 744 826 786 posset
850 736 978 786 ipsum
1000 736 1208 775 Octavium
1230 744 1534 786 persequeretur.

171 812 187 843 5
210 800 331 837 Hunc
353 807 647 849 oppugnantem
671 800 915 850 Epidaurum
936 808 1034 838 terra
1064 800 1248 850 marique,
1272 800 1339 839 ubi
1360 808 1536 839 nostrum

207 871 287 901 erat
319 863 567 913 praesidium,
603 865 776 903 adventu
815 879 886 904 suo
920 864 1121 904 discedere
1155 866 1205 903 ab
1243 864 1537 915 oppugnatione
1560 881 1598 903 10

207 927 333 978 coegit
354 928 672 979 praesidiumque
693 937 869 968 nostrum
890 930 1045 980 recepit.

101 983 106 988 .
135 994 187 1032 45
261 993 448 1032 Octavius
469 1007 559 1032 cum
573 994 777 1032 Vatinium
793 996 957 1033 classem
974 1008 1115 1045 magna
1131 1008 1176 1033 ex
1192 1002 1300 1045 parte
1316 996 1536 1034 confectam

206 1072 252 1096 ex
272 1058 460 1097 naviculis
490 1058 671 1097 actuariis
700 1060 844 1098 habere
874 1067 1092 1110 cognosset,
1115 1061 1286 1099 confisus
1317 1074 1385 1098 sua
1414 1061 1536 1098 classe

206 1123 377 1162 Substitit
407 1125 457 1163 ad
487 1123 654 1162 insulam
681 1124 920 1173 Tauridem,
949 1138 1027 1175 qua
1053 1124 1210 1175 regione
1230 1124 1412 1163 Vatinius
1439 1124 1536 1164 inse-

207 1201 332 1237 quens
353 1188 571 1239 navigabat,
595 1203 675 1228 non
697 1203 776 1239 quo
798 1189 1007 1229 Octavium
1038 1189 1093 1228 ibi
1113 1189 1297 1228 restitisse
1318 1189 1442 1236 sciret,
1466 1190 1536 1228 sed
1559 1206 1594 1238 15

170 1264 184 1284 2
207 1254 315 1302 quod
349 1267 439 1291 eum
474 1253 627 1303 longius
666 1267 912 1304 progressum
947 1253 1099 1304 insequi
1138 1255 1371 1292 decreverat.
1431 1255 1535 1294 Cum

205 1316 364 1366 propius
385 1317 598 1356 Tauridem
619 1317 846 1356 accessisset
867 1317 1048 1356 distensis
1069 1317 1148 1356 suis
1168 1317 1344 1365 navibus,
1367 1319 1476 1368 quod
1497 1325 1535 1356 et

205 1388 416 1431 tempestas
446 1389 525 1420 erat
555 1383 779 1421 turbulenta
808 1389 845 1420 et
874 1383 982 1420 nulla
1010 1381 1181 1432 suspicio
1211 1381 1345 1429 hostis,
1375 1390 1534 1432 repente

203 1446 407 1484 adversam
445 1447 496 1485 ad
535 1460 575 1485 se
613 1446 836 1485 venientem
870 1459 1010 1485 navem
1044 1446 1239 1484 antemnis
1272 1447 1323 1485 ad
1358 1446 1533 1485 medium

204 1512 351 1548 malum
383 1510 563 1549 demissis
597 1511 825 1550 instructam
865 1510 1219 1561 propugnatoribus
1254 1511 1429 1549 animum
1469 1512 1533 1550 ad·
1555 1521 1593 1542 ²0

167 1589 184 1619 3
203 1575 325 1613 vertit.
369 1577 490 1624 Quod
510 1575 577 1615 ubi
594 1576 808 1627 conspexit,
824 1576 998 1615 celeriter
1013 1577 1098 1614 vela
1114 1576 1281 1615 subduci
1298 1575 1531 1626 demittique

202 1647 406 1678 antemnas
440 1639 549 1678 iubet
583 1647 621 1679 et
660 1640 801 1679 milites
839 1640 978 1679 armari
1012 1647 1050 1678 et
1079 1639 1219 1679 vexillo
1253 1641 1418 1688 sublato,
1452 1654 1532 1690 quo

202 1704 403 1754 pugnandi
425 1705 544 1743 dabat
565 1704 730 1755 signum,
749 1718 849 1755 quae
871 1704 1018 1755 primae
1045 1718 1163 1743 naves
1191 1705 1532 1755 subsequebantur

163 1781 183 1811 4
201 1768 306 1807 idem
328 1777 370 1807 ut
390 1771 561 1808 facerent
582 1769 835 1820 significabat.
878 1771 1072 1808 Parabant
1089 1783 1129 1808 se
1150 1769 1350 1807 Vatiniani
1371 1776 1530 1819 repente

201 1833 375 1883 oppressi
390 1849 399 1881 3
428 1833 550 1884 parati
577 1834 764 1884 deinceps
794 1833 1000 1873 Octaviani
1031 1848 1077 1872 ex
1105 1840 1220 1884 portu
1250 1834 1527 1884 procedebant.
1551 1841 1589 1873 25

201 1897 410 1936 Instruitur
430 1898 625 1948 utrimque
646 1898 759 1945 acies,
783 1898 919 1937 ordine
940 1897 1130 1949 disposita
1156 1897 1278 1949 magis
1300 1897 1527 1946 Octaviana,

200 1962 368 2010 paratior
388 1962 556 2000 militum
576 1962 716 2001 animis
737 1963 956 2001 Vatiniana.

125 2025 181 2071 46
254 2026 434 2065 Vatinius
455 2040 545 2065 cum
565 2026 741 2065 animum
762 2028 978 2066 adverteret
999 2041 1128 2078 neque
1148 2027 1306 2065 navium
1328 2040 1368 2066 se
1384 2028 1528 2078 magni-

199 2090 336 2130 tudine
375 2105 504 2141 neque
541 2105 706 2130 numero
749 2105 882 2142 parem
929 2105 1014 2131 esse
1052 2092 1232 2131 fortuitae
1270 2091 1524 2140 dimicationi,

198 2156 376 2194 fortunae
406 2169 487 2194 rem
517 2156 761 2196 committere
791 2157 936 2195 maluit.
997 2158 1136 2207 Itaque
1160 2156 1307 2207 primus
1328 2170 1398 2194 sua
1417 2157 1527 2207 quin-
1546 2166 1588 2198 50

198 2220 373 2269 queremi
420 2220 459 2258 in
507 2222 795 2271 quadriremem
843 2222 963 2272 ipsius
1002 2221 1142 2261 Octavi
1189 2221 1380 2272 impetum
1422 2222 1522 2260 fecit.

244 2334 281 2362 15
299 2334 363 2362 quo
376 2323 467 2354 DT‘:
494 2325 582 2364 quod
596 2324 668 2355 EL'
760 2335 796 2363 17
815 2325 976 2356 distensis
990 2325 1091 2355 D'L':
1115 2325 1268 2356 distersis
1285 2324 1334 2355 T‘:
1362 2326 1526 2365 dispersis

196 2367 373 2407 Nsppemhy
488 2378 525 2397 21
553 2369 743 2408 dimittique
760 2368 798 2398 X
908 2379 948 2407 25
973 2369 1081 2408 parati
1099 2380 1163 2400 om.
1184 2368 1228 2399 D'
1340 2379 1380 2408 27
1403 2370 1526 2401 animis

195 2409 248 2439 X:
276 2411 382 2448 magis
398 2410 429 2441 E
530 2423 572 2451 29
596 2412 755 2444 fortuitae
772 2424 835 2444 om.
863 2413 905 2443 T:
934 2413 1063 2443 suturae
1081 2412 1148 2443 edd.
1262 2423 1305 2452 30
1329 2412 1435 2444 noluit
1457 2412 1486 2443 T
