1705 2729
631 141 675 178 C.
710 140 825 177 IVLI
858 139 1126 177 CAESARIS

218 260 385 291 cesserat
415 251 610 301 temporis,
645 258 754 289 tanto
787 259 895 289 erant
927 250 1130 288 alacriores
1164 251 1214 288 ad
1250 249 1448 288 custodias
1478 248 1543 298 qui

217 316 406 355 classibus
432 323 634 366 praeerant
664 315 932 365 maioremque
963 314 1146 353 fiduciam
1173 313 1407 364 prohibendi
1429 314 1545 352 habe-

217 382 321 427 bant,
365 389 402 419 ct
446 381 588 419 crebris
634 380 797 431 Pompei
838 380 973 419 litteris
1018 380 1315 429 castigabantur,
1357 379 1544 428 quoniam

217 446 342 495 primo
372 446 595 484 venientem
627 447 835 485 Caesarem
867 459 946 483 non
978 444 1281 495 prohibuissent,
1304 451 1345 482 ut
1376 443 1544 493 reliquos

216 511 299 549 eius
338 511 527 549 exercitus
567 510 813 560 impedirent,
855 510 1069 560 duriusque
1108 508 1253 547 cotidie
1301 515 1456 557 tempus
1494 507 1545 546 ad

179 576 559 625 3transportandum
603 575 817 613 lenioribus
861 574 985 612 ventis
1027 573 1314 623 exspectabant.
1389 571 1544 620 Quibus

215 641 329 679 rebus
351 647 550 689 permotus
572 641 716 679 Caesar
738 638 990 677 Brundisium
1011 639 1062 676 ad
1083 651 1174 676 suos
1190 636 1359 675 severius
1380 635 1542 685 scripsit,

215 705 317 743 nacti
339 705 527 743 idoneum
549 712 709 743 ventum
732 717 781 742 ne
802 703 1051 742 occasionem
1068 700 1276 751 navigandi
1290 699 1540 746 dimitterent,

215 770 245 808 si
279 771 338 808 vel
378 771 429 808 ad
463 769 575 808 litora
606 768 919 819 Apolloniatium
958 780 1115 806 cursum
1145 765 1309 816 dirigere
1339 773 1457 815 atque
1496 779 1543 803 eo

178 834 323 879 4navis
363 834 487 873 eicere
535 841 706 883 possent.
788 836 901 872 Haec
940 846 962 870 a
1001 830 1190 870 custodiis
1236 829 1416 868 classium
1457 831 1543 867 loca

216 899 383 938 maxime
413 900 615 946 vacabant,
646 900 754 949 quod
785 912 826 938 se
855 898 1009 948 longius
1038 911 1062 934 a
1092 895 1268 947 portibus
1298 894 1543 935 committere

216 979 296 1004 non
321 965 530 1003 audebant.

145 1027 198 1064 26
272 1029 334 1068 Illi
359 1029 537 1068 adhibita
562 1029 728 1068 audacia
757 1036 795 1067 et
822 1028 971 1076 virtute,
994 1026 1358 1068 administrantibus
1388 1027 1442 1064 M.
1467 1027 1543 1063 An-

215 1095 325 1134 tonio
357 1102 395 1134 et
430 1096 542 1133 Fufio
573 1096 733 1141 Caleno,
759 1096 926 1132 multum
955 1093 1048 1143 ipsis
1079 1092 1267 1131 militibus
1297 1090 1542 1129 hortantibus

214 1174 342 1210 neque
374 1161 496 1198 ullum
528 1159 745 1210 periculum
777 1173 847 1209 pro
879 1160 1003 1197 salute
1042 1157 1219 1198 Caesaris
1258 1155 1539 1202 recusantibus,

213 1224 316 1263 nacti
344 1226 531 1263 Austrum
564 1224 672 1262 navis
706 1225 863 1262 solvunt
893 1231 1012 1274 atque
1042 1224 1164 1261 altero
1198 1221 1261 1260 die
1289 1220 1540 1270 Apolloniam

177 1302 191 1323 2
216 1289 553 1339 Dyrrachiumque
580 1290 937 1339 praetervehuntur.
999 1287 1078 1336 Qui
1105 1300 1196 1326 cum
1224 1292 1353 1325 essent
1381 1299 1427 1323 ex
1453 1298 1543 1324 con-

213 1354 351 1393 tinenti
372 1354 452 1402 visi,
477 1356 520 1394 C.
546 1354 760 1404 Coponius,
784 1354 852 1404 qui
881 1352 1070 1403 Dyrrachi
1095 1352 1207 1390 classi
1236 1350 1417 1390 Rhodiae
1437 1364 1543 1401 prae-

212 1427 303 1466 erat,
327 1419 434 1458 navis
462 1433 507 1458 ex
537 1427 650 1470 portu
681 1419 813 1458 educit
843 1426 892 1466 et,
924 1432 1014 1457 cum
1045 1418 1122 1456 iam
1153 1416 1293 1455 nostris
1323 1415 1541 1455 remissiore

212 1492 329 1522 vento
356 1484 746 1534 appropinquassent,
778 1484 883 1522 idem
910 1485 1052 1521 Auster
1081 1481 1292 1520 increbruit
1320 1480 1541 1531 nostrisque

176 1548 407 1598 3praesidio
438 1548 518 1587 fuit.
581 1550 720 1598 Neque
755 1562 846 1587 vero
885 1547 948 1586 ille
987 1548 1039 1586 ob
1079 1560 1165 1585 eam
1198 1556 1356 1584 causam
1396 1553 1540 1584 conatu

212 1612 435 1659 desistebat,
468 1615 537 1652 sed
576 1613 709 1652 labore
748 1621 785 1651 et
824 1612 1110 1663 perseverantia
1150 1619 1356 1650 nautarum
1395 1619 1433 1650 et
1462 1610 1540 1649 vim

212 1678 454 1728 tempestatis
484 1678 654 1729 superari
685 1692 800 1728 posse
829 1679 1009 1728 sperabat
1040 1684 1405 1728 praetervectosque
1446 1677 1541 1725 Dyr—

174 1756 193 1785 4
212 1743 387 1781 rachium
418 1757 558 1794 magna
588 1743 623 1781 vi
654 1743 757 1782 venti
788 1743 912 1782 nihilo
942 1743 1060 1782 setius
1091 1743 1335 1793 sequebatur.
1407 1740 1541 1780 Nostri

212 1808 270 1846 usi
300 1810 478 1847 fortunae
507 1808 702 1847 beneficio
732 1816 863 1847 tamen
894 1809 1085 1859 impetum
1115 1807 1248 1846 classis
1275 1807 1476 1853 timebant,
1509 1805 1540 1844 si

212 1875 309 1911 forte
356 1881 495 1911 ventus
543 1872 762 1912 remisisset.
841 1873 957 1912 Nacti
1001 1880 1169 1924 portum,
1214 1872 1281 1922 qui
1323 1872 1540 1922 appellatur

212 1939 501 1987 Nymphaeum,
543 1940 642 1977 ultra
680 1938 836 1977 Lissum
876 1938 981 1977 milia
1019 1951 1205 1987 passuum
1245 1949 1303 1983 111,
1345 1950 1393 1974 eo
1431 1935 1540 1974 navis

211 2001 632 2053 introduxerunt—qui
664 2011 798 2052 portus
827 2004 878 2041 ab
909 2002 1042 2041 Africo
1075 2002 1286 2052 tegebatur,
1319 2001 1369 2039 ab
1395 2002 1540 2038 Austro

254 2117 274 2145 3
299 2108 550 2146 castigabantur
566 2108 622 2139 X:
647 2108 897 2148 instigabantur
911 2108 1001 2138 Paul
1166 2117 1185 2144 4
1210 2111 1246 2136 ut
1263 2105 1321 2135 X:
1345 2109 1379 2135 at
1395 2105 1542 2144 Kraffert

211 2161 232 2189 9
255 2150 283 2180 si
300 2150 351 2180 vel
370 2150 488 2191 Menge
504 2164 510 2182 :
535 2152 604 2183 sive
616 2152 653 2182 X
765 2162 804 2182 10
824 2152 935 2182 eicere
952 2150 1082 2182 Aldus:
1108 2150 1234 2189 eligere
1252 2147 1291 2178 X
1380 2148 1540 2178 custodiis

214 2192 417 2225 ciacconius:
443 2196 639 2226 custodibus
656 2194 693 2224 X
803 2205 836 2225 11
865 2206 884 2225 a
901 2194 974 2224 add.
999 2194 1133 2224 Vossius
1239 2203 1276 2222 12
1301 2192 1469 2222 audebant
1491 2191 1540 2221 V:

210 2237 376 2268 auderent
387 2242 448 2268 cett.
543 2249 578 2277 17
606 2238 896 2277 Dyrrachiumque
916 2249 949 2268 r:
977 2237 1203 2276 Dyrrachium
1221 2234 1273 2267 X:
1298 2235 1355 2266 del.
1375 2234 1542 2272 Elberlc'rqq

214 2281 251 2309 18
269 2281 306 2310 C.
323 2281 527 2312 Ciaccouius:
547 2282 586 2320 Q.
606 2281 701 2313 DL':
721 2282 766 2312 M.
779 2282 827 2312 E:
846 2293 911 2311 ουτ.
932 2281 967 2311 T‘
1059 2291 1097 2319 19
1115 2279 1238 2310 nostris
1257 2278 1365 2309 L2F-':
1387 2278 1489 2308 nostri
1507 2276 1544 2306 X

211 2333 253 2354 20
269 2325 601 2364 appropinquassent
616 2324 663 2357 X:
683 2325 988 2364 appropinquasset
1004 2325 1205 2354 Vas-cosanus
1253 2322 1420 2352 increbuit
1431 2319 1505 2350 D'L
1516 2319 1545 2350 T

212 2377 253 2396 22
278 2373 310 2398 et
329 2368 395 2398 vim
413 2368 562 2400 D'U'T‘:
588 2379 624 2399 se
642 2369 708 2398 vim
729 2369 755 2397 L
865 2379 905 2406 23
931 2377 1092 2407 superare
1112 2367 1137 2395 L
1156 2377 1235 2396 corr.

1567 841 1603 863 10

1564 1167 1601 1198 ¹5

1563 1494 1601 1516 20

1561 1815 1598 1847 25
