1705 2729
116 832 153 854 10

101 2122 140 2153 30

477 129 550 164 DE
583 127 761 164 BELLO
793 126 970 164 CIVILI
1003 127 1103 163 LIB.
1140 127 1203 163 III

178 237 422 276 centuriones
453 236 673 285 militesque
703 249 781 273 non
812 235 917 273 nulli.
977 237 1080 273 Tum
1112 235 1334 273 Labienus:
1368 237 1499 274 ‘Desi-
1518 245 1534 272 s

177 302 256 340 nite
285 315 375 351 ergo
405 302 454 339 de
485 300 770 350 compositione
800 300 907 350 loqui
923 315 932 347 3
962 314 1051 338 nam
1083 300 1196 338 nobis
1228 300 1299 338 nisi
1322 302 1497 340 Caesaris

176 365 302 416 capite
322 367 442 404 relato
462 379 536 415 pax
557 379 641 404 esse
662 367 768 403 nulla
788 366 940 415 potest.'

230 431 363 468 Isdem
393 429 633 480 temporibus
664 431 719 467 M.
745 429 901 468 Caelius
924 430 1050 467 Rufus
1075 437 1228 479 praetor
1254 443 1370 467 causa
1391 430 1495 468 debi-
1517 437 1569 465 20

175 502 301 533 torum
350 502 530 544 suscepta
577 494 687 532 initio
726 494 970 543 magistratus
1009 493 1177 531 tribunal
1234 507 1348 532 suum
1394 495 1497 532 iuxta

175 560 218 598 C.
251 559 434 605 Treboni,
466 558 651 609 praetoris
681 558 829 605 urbani,
862 559 996 596 sellam
1036 557 1240 596 collocavit
1271 567 1318 605 et,
1351 559 1381 596 si
1412 559 1497 608 quis

173 624 444 674 appellavisset
473 625 523 663 de
552 623 823 662 aestimatione
853 631 890 661 et
919 624 969 661 de
999 623 1260 661 solutionibus
1291 637 1391 673 quae
1429 637 1497 674 per

171 688 357 727 arbitrum
379 690 524 735 fierent,
544 697 585 726 ut
607 690 750 727 Caesar
770 701 951 737 praesens
973 687 1235 731 constituerat,
1252 689 1333 726 fore
1353 688 1496 727 auxilio

173 753 437 803 pollicebatur.
508 754 585 791 Sed
621 753 737 790 fiebat
772 752 968 802 aequitate
999 751 1146 790 decreti
1185 760 1222 789 et
1253 752 1495 790 humanitate
1518 770 1531 790 ε

173 817 356 864 Treboni,
391 817 457 868 qui
496 817 555 855 his
591 817 833 867 temporibus
875 818 1087 854 clementer
1127 824 1163 854 et
1204 818 1405 855 moderate
1436 817 1494 855 ius

172 882 383 921 dicendum
419 882 676 928 existimabat,
714 889 754 919 ut
794 881 948 930 reperiri
989 894 1069 919 non
1104 889 1264 930 possent
1296 895 1318 919 a
1352 882 1494 931 quibus

171 946 322 985 initium
347 947 570 997 appellandi
604 954 835 985 nasceretur.
912 947 1014 984 Nam
1046 947 1207 984 fortasse
1238 946 1410 996 inopiam
1436 960 1495 985 ex·
1516 966 1532 994 ς,

170 1025 304 1050 cusare
334 1020 372 1050 et
403 1012 662 1050 calamitatem
699 1019 765 1049 aut
798 1011 993 1061 propriam
1029 1024 1139 1048 suam
1171 1018 1238 1048 aut
1272 1019 1493 1060 temporum

170 1076 277 1125 queri
299 1085 336 1114 et
358 1076 604 1114 difficultates
626 1075 880 1114 auctionandi
906 1088 1124 1125 proponere
1145 1075 1262 1113 etiam
1284 1075 1491 1113 mediocris

169 1148 226 1179 est
247 1141 366 1179 animi
386 1155 395 1188 3
426 1140 592 1191 integras
617 1153 707 1178 vero
734 1148 865 1178 tenere
894 1139 1161 1189 possessiones
1187 1139 1253 1189 qui
1279 1153 1319 1177 se
1349 1139 1492 1178 debere

168 1207 370 1252 fateantur,
395 1205 504 1244 cuius
532 1205 651 1242 animi
682 1212 748 1242 aut
777 1204 886 1242 cuius
912 1203 1179 1254 impudentiae
1207 1205 1296 1242 est?
1353 1206 1492 1254 Itaque
1512 1222 1530 1250 4

168 1272 243 1308 hoc
295 1271 361 1320 qui
408 1271 620 1320 postularet
668 1269 930 1320 reperiebatur
977 1282 1105 1315 nemo,
1151 1276 1269 1318 atque
1312 1268 1403 1318 ipsis
1441 1271 1491 1307 ad

167 1349 333 1385 quorum
355 1336 610 1374 commodum
633 1334 851 1385 pertinebat
878 1333 1010 1372 durior
1030 1333 1210 1372 inventus
1232 1340 1289 1372 est
1311 1333 1466 1373 Caelius
1482 1349 1491 1381 3

166 1408 203 1438 ct
242 1401 292 1438 ab
331 1402 406 1439 hoc
448 1401 643 1450 profectus
685 1399 805 1445 initio,
843 1413 891 1437 ne
934 1400 1071 1437 frustra
1105 1397 1298 1448 ingressus
1337 1407 1490 1448 turpem
1512 1413 1528 1444 5

109 1480 122 1494 ν
166 1477 322 1503 causam
353 1466 557 1512 videretur,
590 1467 714 1515 legem
748 1463 1016 1514 promulgavit,
1048 1470 1090 1501 ut
1122 1463 1281 1501 sexenni
1314 1463 1377 1502 die
1408 1463 1490 1501 sine

166 1529 288 1568 usuris
310 1530 479 1568 creditae
507 1529 697 1580 pecuniae
725 1530 932 1567 solvantur.

218 1595 318 1633 Cum
351 1594 543 1633 resisteret
570 1593 751 1632 Servilius
773 1595 911 1631 consul
938 1592 1155 1642 reliquique
1176 1592 1420 1641 magistratus
1451 1602 1487 1631 et
1508 1603 1550 1630 21

165 1657 292 1696 minus
314 1658 500 1708 opinione
522 1672 590 1697 sua
612 1659 791 1704 efficeret,
814 1659 865 1696 ad
893 1657 1099 1696 hominum
1128 1657 1334 1695 excitanda
1360 1658 1488 1695 studia

164 1723 315 1761 sublata
342 1723 467 1772 priore
492 1725 575 1773 lege
606 1724 703 1761 duas
734 1722 1003 1773 promulgavit,
1034 1735 1151 1760 unam
1183 1735 1259 1771 qua
1287 1723 1487 1760 mercedes

125 1799 141 1829 5
163 1788 448 1826 habitationum
469 1801 618 1826 annuas
632 1787 939 1826 conductoribus
953 1787 1124 1833 donavit,
1139 1786 1254 1824 aliam
1268 1786 1486 1824 tabularum
1509 1805 1523 1825 2

162 1866 361 1899 novarum,
385 1853 613 1902 impetuque
636 1852 895 1891 multitudinis
917 1852 956 1890 in
978 1854 1021 1891 C.
1045 1851 1289 1890 Trebonium
1317 1853 1420 1889 facto
1450 1860 1487 1889 ct

162 1931 240 1955 non
280 1917 394 1955 nullis
430 1917 638 1955 vulneratis
678 1931 767 1955 eum
808 1919 858 1956 de
897 1917 1079 1955 tribunali
1114 1916 1345 1955 deturbavit.
1425 1918 1487 1954 De
1508 1927 1525 1957 3

161 1982 302 2032 quibus
324 1983 438 2021 rebus
469 1981 651 2020 Servilius
682 1984 819 2020 consul
849 1983 899 2020 ad
930 1989 1109 2020 senatum
1136 1981 1290 2027 rettulit,
1315 1988 1487 2019 senatus-

161 2059 236 2095 que
275 2045 453 2085 Caelium
483 2047 532 2084 ab
572 2060 611 2085 re
650 2047 807 2096 publica
845 2047 1129 2084 removendum
1169 2046 1330 2084 censuit.
1392 2046 1484 2084 Hoc

160 2111 317 2148 decreto
333 2124 423 2149 eum
444 2112 581 2149 consul
602 2118 738 2149 senatu
760 2110 959 2160 prohibuit
980 2118 1017 2149 et
1039 2110 1255 2148 contionari
1272 2117 1481 2148 conantem

159 2175 209 2212 de
229 2175 358 2213 rostris
379 2175 550 2214 deduxit.
612 2177 683 2213 Ille
704 2175 915 2225 ignominia
931 2182 967 2213 et
988 2176 1123 2213 dolore
1139 2182 1338 2224 permotus
1353 2176 1480 2224 palam
1501 2188 1520 2218 4

206 2289 244 2308 10
260 2278 312 2308 his
330 2277 402 2309 add,
423 2289 438 2307 r
519 2288 552 2308 11
574 2283 715 2317 possent
737 2277 958 2309 Vascosmms:
985 2283 1099 2317 posset
1116 2277 1151 2307 X
1252 2289 1289 2317 19
1308 2283 1340 2308 et
1358 2277 1410 2309 X:
1436 2279 1481 2309 At

160 2320 278 2351 Davies
387 2331 427 2352 20
451 2322 594 2352 sexenni
613 2322 668 2352 die
680 2320 875 2352 Manutius:
900 2322 1011 2351 sexies
1028 2322 1100 2351 seni
1119 2322 1190 2351 dies
1208 2321 1242 2350 X
1342 2332 1379 2360 27
1408 2332 1481 2360 pro-

160 2363 303 2394 turbavit
321 2365 351 2394 E
