1705 2729
445 127 519 163 DE
551 126 730 164 BELLO
761 126 970 164 AFRICO
1002 127 1171 164 LIBER

146 236 253 276 tisset
273 250 354 275 rem
375 236 573 287 publicam
594 237 643 275 ab
669 236 822 274 nefariis
849 236 1124 286 sceleratisque
1144 236 1293 276 civibus
1314 251 1469 288 oppres-

145 314 227 339 sam
266 302 472 350 bonosque
510 308 576 338 aut
610 300 833 339 interfectos
867 308 933 338 aut
964 300 1098 339 exsilio
1130 302 1314 339 multatos
1347 303 1469 352 patria

143 365 377 414 civitateque
398 378 538 412 carere,
560 364 681 414 gloria
700 372 738 403 et
763 364 884 402 animi
914 364 1184 414 magnitudine
1205 367 1326 403 elatus
1348 366 1468 415 priva-

143 436 203 466 tus
224 436 341 478 atque
361 429 677 467 adulescentulus
706 428 855 478 paterni
886 428 1074 467 exercitus
1104 429 1273 479 reliquiis
1295 431 1468 469 collectis

105 506 267 543 5paene
305 507 530 543 oppressam
570 493 745 532 funditus
780 501 817 532 et
851 494 1020 531 deletam
1058 494 1210 532 Italiam
1249 495 1466 544 urbemque

143 559 365 595 Romanam
395 558 434 595 in
465 558 682 596 libertatem
712 558 934 605 vindicavit,
957 558 1142 608 idemque
1164 558 1344 606 Siciliam,
1369 560 1466 597 Afri-

140 635 239 668 cam,
280 622 521 669 Numidiam,
566 622 851 660 Mauretaniam
900 622 1065 660 mirabili
1112 622 1307 660 celeritate
1348 623 1464 661 armis

140 686 294 736 recepit.
355 686 509 735 Quibus
535 700 580 725 ex
601 687 715 725 rebus
736 686 809 725 sibi
835 700 920 725 eam
948 686 1177 736 dignitatem
1199 700 1299 736 quae
1320 695 1376 725 est
1398 701 1464 737 per
1486 703 1503 733 3

140 750 264 800 gentis
285 751 496 789 clarissima
517 751 799 801 notissimaque
826 751 1047 790 conciliavit
1068 753 1464 803 adulescentulusque

84 831 121 854 10
139 822 257 865 atque
296 829 415 866 eques
448 818 653 855 Romanus
687 816 949 866 triumphavit.
1022 818 1153 866 Atque
1192 816 1254 855 ille
1293 830 1372 855 non
1412 817 1503 859 ita4

138 879 278 930 amplis
317 881 432 919 rebus
471 880 587 930 patris
620 881 736 930 gestis
771 894 900 931 neque
931 888 1010 919 tam
1042 880 1245 919 excellenti
1276 880 1463 930 dignitate

138 945 328 983 maiorum
359 952 467 995 parta
496 959 624 995 neque
654 945 769 984 tantis
799 945 987 984 clientelis
1017 945 1266 995 nominisque
1291 946 1462 985 claritate

136 1009 334 1059 praeditus
372 1009 411 1047 in
446 1023 526 1048 rem
565 1009 763 1060 publicam
801 1017 860 1048 est
890 1009 1094 1060 ingressus.
1164 1011 1226 1047 Tu
1259 1017 1393 1048 contra
1424 1018 1461 1049 et
1482 1018 1499 1048 5

136 1073 253 1123 patris
274 1073 478 1113 nobilitate
498 1081 535 1113 et
556 1074 743 1124 dignitate
764 1082 801 1112 et
821 1087 889 1124 per
908 1081 946 1112 te
966 1074 1048 1124 ipse
1070 1074 1160 1112 satis
1180 1074 1300 1112 animi
1317 1076 1461 1125 magni-

82 1151 116 1182 15
137 1137 272 1176 tudine
293 1138 571 1188 diligentiaque
592 1138 789 1188 praeditus
809 1152 942 1177 nonne
971 1138 1127 1177 eniteris
1148 1146 1185 1177 et
1206 1139 1459 1188 proficisceris

134 1203 185 1241 ad
213 1210 392 1253 paternas
422 1202 620 1241 clientelas
653 1202 839 1241 auxilium
871 1203 941 1242 tibi
971 1203 1103 1253 reique
1132 1203 1313 1253 publicae
1341 1211 1460 1254 atque

133 1266 283 1317 optimo
304 1267 446 1317 cuique
466 1267 716 1317 efflagitatum
733 1269 769 1305 ?'

187 1332 262 1370 His
294 1332 420 1371 verbis
459 1332 629 1371 hominis
667 1332 881 1382 gravissimi
920 1332 1101 1371 incitatus
1139 1334 1456 1373 adulescentulus
1477 1349 1527 1385 23

130 1411 221 1436 cum
251 1397 438 1436 naviculis
468 1397 769 1447 cuiusquemodi
798 1397 948 1447 generis
978 1410 1079 1445 xxx,
1112 1398 1207 1436 inibi
1237 1399 1371 1449 paucis
1401 1413 1457 1438 ro-

73 1475 111 1497 20
130 1463 267 1510 stratis,
308 1464 504 1513 profectus
550 1463 601 1501 ab
641 1462 759 1502 Utica
805 1462 844 1500 in
885 1462 1172 1501 Mauretaniam
1216 1477 1457 1514 regnumque

131 1527 303 1577 Bogudis
325 1535 383 1566 est
403 1527 596 1577 ingressus
617 1527 879 1577 expeditoque
899 1527 1067 1566 exercitu
1089 1540 1297 1575 servorum,
1321 1529 1457 1567 libero-

127 1605 212 1629 rum
235 1604 262 1629 11
285 1592 435 1630 milium
456 1605 630 1639 numero,
649 1592 759 1630 cuius
779 1599 928 1641 partem
950 1591 1148 1638 inermem,
1167 1600 1314 1642 partem
1337 1594 1457 1631 habu-

126 1664 207 1694 erat
240 1665 439 1704 armatam,
472 1658 524 1695 ad
557 1657 748 1707 oppidum
780 1658 973 1694 Ascurum
1002 1658 1190 1695 accedere
1220 1657 1348 1707 coepit
1365 1673 1375 1705 3
1415 1658 1454 1695 in

126 1734 205 1770 quo
237 1721 384 1771 oppido
414 1721 651 1771 praesidium
681 1721 751 1759 fuit
781 1720 939 1770 regium.
999 1721 1190 1771 Pompeio
1220 1722 1454 1761 adveniente
1475 1741 1490 1760 2

68 1798 105 1829 25
125 1785 323 1835 oppidani,
348 1799 472 1835 usque
501 1799 549 1825 eo
578 1786 681 1836 passi
710 1786 869 1836 propius
898 1786 1085 1824 accedere
1114 1787 1242 1824 donec
1271 1788 1321 1824 ad
1351 1787 1453 1836 ipsas

124 1857 254 1899 portas
274 1863 320 1889 ac
341 1864 494 1889 murum
515 1850 855 1901 appropinquaret,
874 1850 1005 1889 subito
1026 1850 1229 1900 eruptione
1250 1852 1350 1889 facta
1370 1866 1454 1902 pro-

124 1922 262 1954 stratos
283 1916 583 1966 perterritosque
605 1916 867 1966 Pompeianos
898 1915 937 1953 in
968 1929 1073 1953 mare
1100 1915 1287 1965 navisque
1307 1916 1452 1966 passim

123 1983 406 2031 compulerunt.
468 1983 528 2019 Ita
552 1995 591 2020 re
620 1983 721 2020 male
747 1988 855 2031 gesta
875 1982 947 2020 Cn.
972 1980 1184 2030 Pompeius
1214 1981 1314 2019 filius
1345 1981 1452 2020 navis
1473 1992 1490 2022 3

123 2044 214 2083 inde
234 2045 370 2084 avertit
390 2059 518 2096 neque
545 2053 681 2096 postea
704 2046 792 2084 litus
822 2044 946 2095 attigit
972 2046 1215 2095 classemque
1236 2047 1286 2084 ad
1306 2045 1451 2084 insulas

65 2119 104 2150 30
124 2110 292 2149 Balearis
312 2124 443 2150 versus
464 2111 663 2150 convertit.

177 2174 307 2224 Scipio
337 2174 490 2213 interim
522 2188 613 2213 curn
647 2174 702 2214 eis
736 2175 858 2226 copiis
890 2188 986 2225 quas
1017 2177 1134 2225 paulo
1165 2182 1255 2213 ante
1289 2175 1450 2213 demon-
1468 2183 1521 2222 24

169 2287 183 2308 1
210 2279 344 2309 nefariis
361 2278 551 2319 Hofflnann
566 2289 573 2309 ε
598 2279 734 2310 narduis
750 2283 771 2309 λ
786 2290 791 2308 :
818 2279 956 2309 uarduis
973 2280 995 2314 β
1012 2291 1019 2310 :
1049 2279 1164 2309 arduis
1180 2277 1229 2308 D'
1371 2288 1390 2318 5
1415 2284 1448 2310 et

117 2324 193 2361 post
208 2321 357 2352 funditus
374 2332 439 2352 om.
460 2321 550 2352 D'T‘
639 2322 852 2361 deletamque
878 2322 911 2352 E
1040 2322 1189 2353 funditus
1213 2321 1359 2352 deletam
1374 2326 1450 2362 post

125 2364 390 2405 Romanampos.
406 2365 534 2396 Kubler
622 2366 660 2396 18
677 2366 874 2404 gravissime
885 2363 930 2395 D'
1030 2375 1070 2395 22
1089 2369 1309 2405 numeropost
1322 2365 1446 2395 milium

118 2411 188 2446 pos.
202 2406 343 2439 Moelken
359 2419 366 2439 z
389 2408 424 2439 in
442 2407 528 2439 codd.
543 2412 618 2449 post
632 2409 783 2440 exercitu
803 2409 921 2448 legitur
1022 2419 1062 2447 24
1086 2408 1146 2439 suit
1164 2408 1370 2447 praesidium
1387 2408 1452 2438 EV
