1705 2729
505 115 578 151 DE
610 113 790 151 BELLO
821 113 997 150 CIVILI
1029 113 1129 149 LIB.
1165 114 1205 150 ΙΙ

192 224 280 263 tatis
299 232 417 273 atque
441 221 647 271 incognitis
671 222 786 260 rebus
811 221 931 271 magis
959 222 1204 261 confidamus
1231 224 1515 263 vehementius-

192 301 269 338 que
289 296 547 326 exterreamur
563 297 585 333 3'
601 294 642 324 ut
662 293 744 324 tum
765 285 917 324 accidit.
968 287 1173 325 Adventus
1190 287 1295 325 enim
1313 290 1354 326 L.
1375 289 1513 328 Nasidi

192 366 344 391 summa
385 365 454 402 spe
496 359 533 390 et
575 353 775 389 voluntate
813 350 1008 389 civitatem
1047 353 1318 401 compleverat.
1397 354 1513 391 Nacti
1535 363 1550 392 5

192 417 378 456 idoneum
407 423 568 454 ventum
598 429 644 454 ex
672 422 786 465 portu
816 423 958 453 exeunt
988 423 1025 454 et
1054 417 1287 463 Tauroenta,
1318 419 1426 466 quod
1456 426 1513 456 est

154 495 170 526 5
191 482 393 519 castellum
429 479 746 526 Massiliensium,
783 481 834 517 ad
869 479 1075 518 Nasidium
1111 480 1341 529 perveniunt
1380 482 1513 530 ibique

191 545 298 583 navis
325 544 537 595 expediunt
563 557 770 593 rursusque
798 557 838 582 se
864 546 914 582 ad
941 544 1232 593 confligendum
1262 545 1395 583 animo
1425 559 1514 583 con-

190 611 344 648 firmant
377 617 415 648 et
446 608 609 647 consilia
638 608 942 647 communicant.
1004 611 1148 647 Dextra
1177 622 1264 658 pars
1293 610 1514 648 attribuitur

193 673 513 720 Massiliensibus,
537 673 689 710 sinistra
712 672 886 711 Nasidio.

245 739 398 776 Eodem
434 740 575 775 Brutus
609 737 813 775 contendit
842 744 958 775 aucto
988 738 1145 776 navium
1176 751 1349 777 numero.
1410 741 1512 777 Nam
1533 743 1557 780 5

133 815 173 838 10
189 803 240 840 ad
273 815 338 840 eas
372 815 473 851 quae
506 803 630 840 factae
664 809 772 840 erant
806 803 962 841 Arelate
996 815 1063 852 per
1094 803 1302 841 Caesarem
1338 803 1513 852 captivae

192 866 497 904 Massiliensium
530 873 775 905 accesserant
809 879 883 904 sex.
958 868 1044 904 Has
1076 866 1338 916 superioribus
1373 867 1512 906 diebus

189 933 372 970 refecerat
410 939 528 981 atque
566 931 750 970 omnibus
789 932 904 970 rebus
942 931 1180 970 instruxerat.
1253 933 1392 982 Itaque
1422 946 1512 971 suos
1535 950 1549 970 2

189 998 423 1042 cohortatus,
456 1009 555 1045 quos
587 995 756 1045 integros
788 995 1083 1045 superavissent,
1115 1003 1157 1034 ut
1188 996 1311 1035 victos
1342 1005 1514 1035 contem-

188 1068 334 1108 nerent,
367 1062 506 1110 plenus
538 1060 619 1110 spei
651 1061 779 1099 bonae
809 1068 927 1109 atque
960 1060 1081 1098 animi
1109 1062 1294 1099 adversus
1328 1075 1395 1099 eos
1430 1075 1514 1111 pro-

132 1137 168 1169 15
188 1125 381 1164 ficiscitur.
443 1124 572 1163 Facile
592 1132 672 1163 erat
692 1138 738 1163 ex
763 1125 895 1163 castris
917 1126 960 1163 C.
987 1125 1161 1164 Treboni
1185 1132 1303 1174 atque
1328 1126 1512 1164 omnibus
1534 1139 1550 1169 3

188 1189 450 1240 superioribus
480 1189 574 1228 locis
604 1188 826 1239 prospicere
856 1189 895 1226 in
925 1189 1072 1236 urbem,
1105 1197 1146 1228 ut
1176 1189 1304 1228 omnis
1332 1190 1511 1229 iuventus

187 1268 288 1304 quae
308 1255 347 1292 in
368 1254 517 1304 oppido
537 1261 773 1293 remanserat
795 1267 1012 1304 omnesque
1033 1254 1239 1304 superioris
1263 1255 1399 1293 aetatis
1421 1268 1510 1293 cum

187 1319 316 1358 liberis
349 1326 467 1369 atque
501 1318 684 1357 uxoribus
724 1318 925 1369 †publicis
964 1319 1266 1369 custodiisque†
1299 1327 1366 1358 aut
1400 1333 1512 1358 muro

185 1385 236 1422 ad
275 1385 427 1422 caelum
462 1397 600 1422 manus
635 1384 840 1422 tenderent
879 1391 945 1422 aut
979 1385 1125 1434 templa
1158 1385 1323 1422 deorum
1358 1384 1512 1422 immor-

130 1462 168 1484 20
186 1447 321 1486 talium
347 1448 499 1487 adirent
528 1456 566 1487 et
595 1455 686 1487 ante
715 1448 920 1486 simulacra
950 1447 1111 1498 proiecti
1140 1448 1341 1486 victoriam
1371 1448 1422 1486 ab
1451 1449 1510 1486 dis

186 1520 449 1562 exposcerent.
510 1514 651 1562 Neque
681 1520 760 1551 erat
789 1512 997 1562 quisquam
1027 1512 1204 1551 omnium
1234 1512 1329 1562 quin
1359 1512 1398 1550 in
1428 1512 1510 1551 eius
1532 1528 1546 1554 ⁴

186 1578 262 1616 diei
292 1591 384 1616 casu
414 1591 570 1616 suarum
601 1578 778 1616 omnium
809 1579 1049 1616 fortunarum
1080 1585 1263 1616 eventum
1298 1578 1510 1616 consistere

186 1641 429 1681 existimaret.
508 1645 611 1680 Nam
651 1650 689 1680 et
728 1642 882 1681 honesti
921 1656 967 1681 ex
1005 1642 1205 1681 iuventute
1243 1650 1281 1681 et
1320 1642 1546 1692 cuiusque5

185 1706 320 1744 aetatis
344 1706 572 1756 amplissimi
600 1706 832 1745 nominatim
859 1707 1010 1745 evocati
1036 1714 1153 1756 atque
1180 1707 1371 1745 obsecrati
1401 1707 1508 1745 navis

130 1785 143 1805 2
150 1785 166 1815 5
186 1772 506 1817 conscenderant,
524 1778 576 1818 ut,
595 1771 625 1809 si
642 1771 737 1820 quid
753 1771 904 1810 adversi
920 1771 1134 1818 accidisset,
1154 1784 1203 1810 ne
1216 1773 1265 1810 ad
1282 1773 1508 1810 conandum

185 1835 345 1884 quidem
375 1835 447 1873 sibi
477 1835 688 1884 quicquam
719 1835 855 1885 reliqui
887 1837 968 1874 fore
999 1835 1198 1883 viderent,
1238 1836 1268 1873 si
1298 1836 1509 1886 superavis-

185 1907 281 1947 sent,
312 1901 372 1938 vel
403 1900 629 1939 domesticis
660 1900 802 1951 opibus
836 1903 896 1939 vel
931 1901 1096 1939 externis
1127 1900 1277 1939 auxiliis
1309 1902 1358 1940 de
1385 1903 1508 1940 salute

184 1964 289 2003 urbis
310 1966 562 2004 confiderent.

239 2029 461 2068 Commisso
491 2030 640 2079 proelio
672 2030 985 2069 Massiliensibus
1018 2044 1077 2070 res
1109 2032 1215 2069 nulla
1245 2031 1295 2069 ad
1326 2030 1505 2069 virtutem
1526 2034 1553 2070 6

128 2104 166 2133 30
184 2093 331 2141 defuit,-
359 2096 428 2133 sed
450 2108 643 2133 memores
664 2108 799 2133 eorum
825 2103 1121 2145 praeceptorum
1149 2109 1248 2145 quae
1273 2096 1390 2145 paulo
1416 2103 1506 2133 ante

184 2159 234 2196 ab
255 2158 332 2196 suis
353 2167 584 2209 acceperant
611 2160 687 2197 hoc
714 2159 846 2197 animo
874 2161 1126 2198 decertabant
1155 2168 1195 2198 ut
1223 2161 1373 2197 nullum
1400 2159 1506 2197 aliud

183 2229 336 2272 tempus
375 2224 424 2261 ad
463 2225 689 2262 conandum
728 2224 897 2262 habituri
936 2224 1158 2263 viderentur
1196 2232 1244 2270 et,
1286 2223 1428 2273 quibus
1467 2223 1505 2260 in

230 2335 242 2354 1
270 2326 453 2364 incognitis
470 2326 569 2356 rebus
586 2326 692 2365 magis
708 2327 751 2360 B:
778 2326 891 2357 inlatis
909 2327 1054 2365 cognitis
1072 2327 1176 2366 magis
1193 2327 1293 2357 rebus
1309 2326 1353 2356 D'
1469 2328 1506 2356 18

184 2369 376 2407 custodiisq.
393 2368 482 2398 L‘T:
509 2370 669 2399 custodiis
679 2380 765 2408 quae
776 2369 871 2399 D‘V:
884 2374 959 2410 post
974 2370 1117 2409 publicis
1134 2369 1209 2400 add.
1225 2371 1304 2401 locis
1316 2369 1505 2400 Buecheler:

185 2411 324 2450 publicis
340 2413 501 2442 custodiis
517 2416 592 2442 (mle
607 2413 638 2442 in
657 2414 781 2452 oppido
798 2412 987 2452 Hoffmann
