<?xml version="1.0" encoding="UTF-8"?>
<!DOCTYPE html PUBLIC "-//W3C//DTD XHTML 1.0 Transitional//EN"
    "http://www.w3.org/TR/xhtml1/DTD/xhtml1-transitional.dtd">
<html xmlns="http://www.w3.org/1999/xhtml" xml:lang="en" lang="en">
 <head>
  <title>
</title>
<meta http-equiv="Content-Type" content="text/html;charset=utf-8" />
  <meta name='ocr-system' content='tesseract 3.04.00' />
  <meta name='ocr-capabilities' content='ocr_page ocr_carea ocr_par ocr_line ocrx_word'/>
</head>
<body>
  <div class='ocr_page' id='page_1' title='image "./commentariorumpa02caesuoft_0185.png"; bbox 0 0 1705 2729; ppageno 0'>
   <div class='ocr_carea' id='block_1_1' title="bbox 116 838 153 858">
    <p class='ocr_par' dir='ltr' id='par_1_1' title="bbox 116 838 153 858">
     <span class='ocr_line' id='line_1_1' title="bbox 116 838 153 858; baseline 0 0"><span class='ocrx_word' id='word_1_1' title='bbox 116 838 153 858; x_wconf 94' lang='lat'>10</span> 
     </span>
    </p>
   </div>
   <div class='ocr_carea' id='block_1_2' title="bbox 113 1485 153 1506">
    <p class='ocr_par' dir='ltr' id='par_1_2' title="bbox 113 1485 153 1506">
     <span class='ocr_line' id='line_1_2' title="bbox 113 1485 153 1506; baseline 0.025 -1"><span class='ocrx_word' id='word_1_2' title='bbox 113 1485 153 1506; x_wconf 83' lang='lat'>20</span> 
     </span>
    </p>
   </div>
   <div class='ocr_carea' id='block_1_3' title="bbox 372 139 1299 176">
    <p class='ocr_par' dir='ltr' id='par_1_3' title="bbox 372 139 1299 176">
     <span class='ocr_line' id='line_1_3' title="bbox 372 139 1299 176; baseline 0.002 -2"><span class='ocrx_word' id='word_1_3' title='bbox 372 139 444 175; x_wconf 86' lang='lat' dir='ltr'>DE</span> <span class='ocrx_word' id='word_1_4' title='bbox 477 140 654 175; x_wconf 73' lang='lat' dir='ltr'>BELLO</span> <span class='ocrx_word' id='word_1_5' title='bbox 685 139 1098 176; x_wconf 68' lang='lat' dir='ltr'>ALEXANDRINO</span> <span class='ocrx_word' id='word_1_6' title='bbox 1130 141 1299 176; x_wconf 76' lang='lat' dir='ltr'>LIBER</span> 
     </span>
    </p>
   </div>
   <div class='ocr_carea' id='block_1_4' title="bbox 167 247 1565 2100">
    <p class='ocr_par' dir='ltr' id='par_1_4' title="bbox 171 247 1534 1135">
     <span class='ocr_line' id='line_1_4' title="bbox 174 247 1493 298; baseline 0.001 -13"><span class='ocrx_word' id='word_1_7' title='bbox 174 247 453 298; x_wconf 73' lang='lat' dir='ltr'>praesidiisque</span> <span class='ocrx_word' id='word_1_8' title='bbox 480 248 586 295; x_wconf 55' lang='lat' dir='ltr'>eius:</span> <span class='ocrx_word' id='word_1_9' title='bbox 628 248 828 294; x_wconf 83' lang='lat' dir='ltr'>minorem,</span> <span class='ocrx_word' id='word_1_10' title='bbox 865 248 1068 294; x_wconf 69' lang='lat' dir='ltr'>Arsinoen,</span> <span class='ocrx_word' id='word_1_11' title='bbox 1100 248 1209 285; x_wconf 81' lang='lat' dir='ltr'>cuius</span> <span class='ocrx_word' id='word_1_12' title='bbox 1240 249 1399 287; x_wconf 88' lang='lat' dir='ltr'>nomine</span> <span class='ocrx_word' id='word_1_13' title='bbox 1427 250 1493 287; x_wconf 93' lang='lat' dir='ltr'>diu</span> 
     </span>
     <span class='ocr_line' id='line_1_5' title="bbox 173 312 1495 361; baseline 0.001 -12"><span class='ocrx_word' id='word_1_14' title='bbox 173 325 352 361; x_wconf 85' lang='lat' dir='ltr'>regnasse</span> <span class='ocrx_word' id='word_1_15' title='bbox 391 312 625 361; x_wconf 72' lang='lat' dir='ltr'>impotenter</span> <span class='ocrx_word' id='word_1_16' title='bbox 663 314 920 361; x_wconf 72' lang='lat' dir='ltr'>Ganymeden</span> <span class='ocrx_word' id='word_1_17' title='bbox 960 312 1178 359; x_wconf 81' lang='lat' dir='ltr'>docuimus,</span> <span class='ocrx_word' id='word_1_18' title='bbox 1216 315 1411 352; x_wconf 74' lang='lat' dir='ltr'><strong>deducere</strong></span> <span class='ocrx_word' id='word_1_19' title='bbox 1449 327 1495 351; x_wconf 76' lang='lat' dir='ltr'>ex</span> 
     </span>
     <span class='ocr_line' id='line_1_6' title="bbox 174 376 1494 427; baseline 0.002 -14"><span class='ocrx_word' id='word_1_20' title='bbox 174 389 291 425; x_wconf 85' lang='lat' dir='ltr'>regno</span> <span class='ocrx_word' id='word_1_21' title='bbox 330 376 471 422; x_wconf 86' lang='lat' dir='ltr'>statuit,</span> <span class='ocrx_word' id='word_1_22' title='bbox 513 390 561 414; x_wconf 91' lang='lat' dir='ltr'>ne</span> <span class='ocrx_word' id='word_1_23' title='bbox 593 389 670 426; x_wconf 88' lang='lat' dir='ltr'>qua</span> <span class='ocrx_word' id='word_1_24' title='bbox 698 389 827 414; x_wconf 83' lang='lat' dir='ltr'>rursus</span> <span class='ocrx_word' id='word_1_25' title='bbox 865 390 967 414; x_wconf 65' lang='lat' dir='ltr'>nova</span> <span class='ocrx_word' id='word_1_26' title='bbox 1000 377 1205 423; x_wconf 74' lang='lat' dir='ltr'>dissensio,</span> <span class='ocrx_word' id='word_1_27' title='bbox 1241 377 1346 426; x_wconf 88' lang='lat' dir='ltr'>prius</span> <span class='ocrx_word' id='word_1_28' title='bbox 1376 391 1494 427; x_wconf 88' lang='lat' dir='ltr'>quam</span> 
     </span>
     <span class='ocr_line' id='line_1_7' title="bbox 172 440 1494 491; baseline 0.002 -13"><span class='ocrx_word' id='word_1_29' title='bbox 172 440 425 479; x_wconf 81' lang='lat' dir='ltr'>diuturnitate</span> <span class='ocrx_word' id='word_1_30' title='bbox 458 442 779 479; x_wconf 88' lang='lat' dir='ltr'>confirmarentur</span> <span class='ocrx_word' id='word_1_31' title='bbox 815 440 970 490; x_wconf 83' lang='lat' dir='ltr'>regibus</span> <span class='ocrx_word' id='word_1_32' title='bbox 1004 441 1176 490; x_wconf 87' lang='lat' dir='ltr'>imperia,</span> <span class='ocrx_word' id='word_1_33' title='bbox 1213 455 1280 491; x_wconf 88' lang='lat' dir='ltr'>per</span> <span class='ocrx_word' id='word_1_34' title='bbox 1314 441 1494 480; x_wconf 88' lang='lat' dir='ltr'>homines</span> 
     </span>
     <span class='ocr_line' id='line_1_8' title="bbox 173 504 1532 554; baseline 0.001 -12"><span class='ocrx_word' id='word_1_35' title='bbox 173 504 378 542; x_wconf 87' lang='lat' dir='ltr'>seditiosos</span> <span class='ocrx_word' id='word_1_36' title='bbox 409 512 639 543; x_wconf 89' lang='lat' dir='ltr'>nasceretur.</span> <span class='ocrx_word' id='word_1_37' title='bbox 699 504 892 554; x_wconf 80' lang='lat' dir='ltr'>Legiones</span> <span class='ocrx_word' id='word_1_38' title='bbox 923 505 977 542; x_wconf 87' lang='lat' dir='ltr'>ibi</span> <span class='ocrx_word' id='word_1_39' title='bbox 1009 513 1191 543; x_wconf 87' lang='lat' dir='ltr'>veterana</span> <span class='ocrx_word' id='word_1_40' title='bbox 1223 513 1330 544; x_wconf 78' lang='lat' dir='ltr'>sexta</span> <span class='ocrx_word' id='word_1_41' title='bbox 1360 519 1493 544; x_wconf 90' lang='lat' dir='ltr'>secum</span> <span class='ocrx_word' id='word_1_42' title='bbox 1514 518 1532 548; x_wconf 81' lang='grc'>3</span> 
     </span>
     <span class='ocr_line' id='line_1_9' title="bbox 172 569 1494 619; baseline -0.001 -12"><span class='ocrx_word' id='word_1_43' title='bbox 172 570 331 607; x_wconf 88' lang='lat' dir='ltr'>reducta</span> <span class='ocrx_word' id='word_1_44' title='bbox 369 576 515 606; x_wconf 88' lang='lat' dir='ltr'>ceteras</span> <span class='ocrx_word' id='word_1_45' title='bbox 552 569 715 619; x_wconf 85' lang='lat' dir='ltr'>reliquit,</span> <span class='ocrx_word' id='word_1_46' title='bbox 752 582 831 618; x_wconf 93' lang='lat' dir='ltr'>quo</span> <span class='ocrx_word' id='word_1_47' title='bbox 870 569 1017 607; x_wconf 87' lang='lat' dir='ltr'>firmius</span> <span class='ocrx_word' id='word_1_48' title='bbox 1055 578 1157 608; x_wconf 83' lang='lat' dir='ltr'>esset</span> <span class='ocrx_word' id='word_1_49' title='bbox 1191 584 1325 608; x_wconf 87' lang='lat' dir='ltr'>eorum</span> <span class='ocrx_word' id='word_1_50' title='bbox 1360 583 1494 619; x_wconf 88' lang='lat' dir='ltr'>regum</span> 
     </span>
     <span class='ocr_line' id='line_1_10' title="bbox 172 632 1492 684; baseline 0.001 -14"><span class='ocrx_word' id='word_1_51' title='bbox 172 632 388 682; x_wconf 86' lang='lat' dir='ltr'>imperium,</span> <span class='ocrx_word' id='word_1_52' title='bbox 429 633 496 682; x_wconf 91' lang='lat' dir='ltr'>qui</span> <span class='ocrx_word' id='word_1_53' title='bbox 534 646 662 682; x_wconf 88' lang='lat' dir='ltr'>neque</span> <span class='ocrx_word' id='word_1_54' title='bbox 709 646 883 671; x_wconf 87' lang='lat' dir='ltr'>amorem</span> <span class='ocrx_word' id='word_1_55' title='bbox 922 646 1080 671; x_wconf 88' lang='lat' dir='ltr'>suorum</span> <span class='ocrx_word' id='word_1_56' title='bbox 1119 634 1264 672; x_wconf 80' lang='lat' dir='ltr'>habere</span> <span class='ocrx_word' id='word_1_57' title='bbox 1302 641 1492 684; x_wconf 77' lang='lat' dir='ltr'>poterant,</span> 
     </span>
     <span class='ocr_line' id='line_1_11' title="bbox 172 697 1496 748; baseline 0.001 -13"><span class='ocrx_word' id='word_1_58' title='bbox 172 699 279 747; x_wconf 91' lang='lat' dir='ltr'>quod</span> <span class='ocrx_word' id='word_1_59' title='bbox 318 697 482 735; x_wconf 88' lang='lat' dir='ltr'>fideliter</span> <span class='ocrx_word' id='word_1_60' title='bbox 519 705 811 747; x_wconf 78' lang='lat' dir='ltr'>permanserant</span> <span class='ocrx_word' id='word_1_61' title='bbox 849 697 889 734; x_wconf 92' lang='lat' dir='ltr'>in</span> <span class='ocrx_word' id='word_1_62' title='bbox 928 697 1105 736; x_wconf 76' lang='lat' dir='ltr'>Caesaris</span> <span class='ocrx_word' id='word_1_63' title='bbox 1143 698 1324 744; x_wconf 88' lang='lat' dir='ltr'>amicitia,</span> <span class='ocrx_word' id='word_1_64' title='bbox 1366 711 1496 748; x_wconf 86' lang='lat' dir='ltr'>neque</span> 
     </span>
     <span class='ocr_line' id='line_1_12' title="bbox 171 761 1491 812; baseline 0 -12"><span class='ocrx_word' id='word_1_65' title='bbox 171 761 371 800; x_wconf 87' lang='lat' dir='ltr'>vetustatis</span> <span class='ocrx_word' id='word_1_66' title='bbox 427 761 706 807; x_wconf 87' lang='lat' dir='ltr'>auctoritatem,</span> <span class='ocrx_word' id='word_1_67' title='bbox 756 761 890 811; x_wconf 79' lang='lat' dir='ltr'>paucis</span> <span class='ocrx_word' id='word_1_68' title='bbox 937 761 1077 800; x_wconf 87' lang='lat' dir='ltr'>diebus</span> <span class='ocrx_word' id='word_1_69' title='bbox 1125 776 1233 812; x_wconf 84' lang='lat' dir='ltr'>reges</span> <span class='ocrx_word' id='word_1_70' title='bbox 1280 763 1491 801; x_wconf 91' lang='lat' dir='ltr'>constituti.</span> 
     </span>
     <span class='ocr_line' id='line_1_13' title="bbox 173 825 1534 876; baseline 0.001 -12"><span class='ocrx_word' id='word_1_71' title='bbox 173 825 295 864; x_wconf 87' lang='lat' dir='ltr'>Simul</span> <span class='ocrx_word' id='word_1_72' title='bbox 319 827 369 863; x_wconf 86' lang='lat' dir='ltr'>ad</span> <span class='ocrx_word' id='word_1_73' title='bbox 404 825 540 875; x_wconf 87' lang='lat' dir='ltr'>imperi</span> <span class='ocrx_word' id='word_1_74' title='bbox 571 825 692 863; x_wconf 85' lang='lat' dir='ltr'>nostri</span> <span class='ocrx_word' id='word_1_75' title='bbox 719 825 949 875; x_wconf 87' lang='lat' dir='ltr'>dignitatem</span> <span class='ocrx_word' id='word_1_76' title='bbox 978 826 1264 876; x_wconf 86' lang='lat' dir='ltr'>utilitatemque</span> <span class='ocrx_word' id='word_1_77' title='bbox 1294 827 1534 876; x_wconf 88' lang='lat' dir='ltr'>publicam4</span> 
     </span>
     <span class='ocr_line' id='line_1_14' title="bbox 172 890 1495 941; baseline 0.002 -14"><span class='ocrx_word' id='word_1_78' title='bbox 172 890 363 940; x_wconf 89' lang='lat' dir='ltr'>pertinere</span> <span class='ocrx_word' id='word_1_79' title='bbox 397 890 651 937; x_wconf 80' lang='lat' dir='ltr'>existimabat,</span> <span class='ocrx_word' id='word_1_80' title='bbox 685 891 716 928; x_wconf 89' lang='lat' dir='ltr'>si</span> <span class='ocrx_word' id='word_1_81' title='bbox 749 899 1022 940; x_wconf 86' lang='lat' dir='ltr'>permanerent</span> <span class='ocrx_word' id='word_1_82' title='bbox 1052 891 1092 929; x_wconf 90' lang='lat' dir='ltr'>in</span> <span class='ocrx_word' id='word_1_83' title='bbox 1127 893 1205 929; x_wconf 89' lang='lat' dir='ltr'>fide</span> <span class='ocrx_word' id='word_1_84' title='bbox 1238 905 1356 941; x_wconf 87' lang='lat' dir='ltr'>reges,</span> <span class='ocrx_word' id='word_1_85' title='bbox 1390 906 1495 941; x_wconf 85' lang='lat' dir='ltr'>prae-</span> 
     </span>
     <span class='ocr_line' id='line_1_15' title="bbox 172 949 1493 1006; baseline 0.002 -14"><span class='ocrx_word' id='word_1_86' title='bbox 172 949 279 992; x_wconf 89' lang='lat' dir='ltr'>sidiis</span> <span class='ocrx_word' id='word_1_87' title='bbox 304 968 371 993; x_wconf 86' lang='lat' dir='ltr'>eos</span> <span class='ocrx_word' id='word_1_88' title='bbox 398 955 538 993; x_wconf 89' lang='lat' dir='ltr'>nostris</span> <span class='ocrx_word' id='word_1_89' title='bbox 566 968 650 993; x_wconf 91' lang='lat' dir='ltr'>esse</span> <span class='ocrx_word' id='word_1_90' title='bbox 674 962 804 1002; x_wconf 82' lang='lat' dir='ltr'>tutos;</span> <span class='ocrx_word' id='word_1_91' title='bbox 833 956 863 993; x_wconf 89' lang='lat' dir='ltr'>si</span> <span class='ocrx_word' id='word_1_92' title='bbox 888 964 1017 994; x_wconf 89' lang='lat' dir='ltr'>essent</span> <span class='ocrx_word' id='word_1_93' title='bbox 1047 956 1195 1005; x_wconf 82' lang='lat' dir='ltr'>ingrati,</span> <span class='ocrx_word' id='word_1_94' title='bbox 1222 969 1338 1006; x_wconf 89' lang='lat' dir='ltr'>posse</span> <span class='ocrx_word' id='word_1_95' title='bbox 1367 956 1493 994; x_wconf 90' lang='lat' dir='ltr'>isdem</span> 
     </span>
     <span class='ocr_line' id='line_1_16' title="bbox 171 1018 1530 1068; baseline 0.001 -12"><span class='ocrx_word' id='word_1_96' title='bbox 171 1018 372 1068; x_wconf 87' lang='lat' dir='ltr'>praesidiis</span> <span class='ocrx_word' id='word_1_97' title='bbox 405 1019 583 1057; x_wconf 82' lang='lat' dir='ltr'>coerceri.</span> <span class='ocrx_word' id='word_1_98' title='bbox 645 1019 707 1057; x_wconf 84' lang='lat' dir='ltr'>Sic</span> <span class='ocrx_word' id='word_1_99' title='bbox 732 1020 847 1058; x_wconf 87' lang='lat' dir='ltr'>rebus</span> <span class='ocrx_word' id='word_1_100' title='bbox 874 1020 1058 1058; x_wconf 88' lang='lat' dir='ltr'>omnibus</span> <span class='ocrx_word' id='word_1_101' title='bbox 1090 1020 1279 1058; x_wconf 87' lang='lat' dir='ltr'>confectis</span> <span class='ocrx_word' id='word_1_102' title='bbox 1309 1028 1347 1059; x_wconf 91' lang='lat' dir='ltr'>et</span> <span class='ocrx_word' id='word_1_103' title='bbox 1376 1023 1494 1059; x_wconf 89' lang='lat' dir='ltr'>collo·</span> <span class='ocrx_word' id='word_1_104' title='bbox 1514 1034 1530 1064; x_wconf 91' lang='lat'>5</span> 
     </span>
     <span class='ocr_line' id='line_1_17' title="bbox 171 1082 1284 1135; baseline 0.002 -14"><span class='ocrx_word' id='word_1_105' title='bbox 171 1083 266 1121; x_wconf 85' lang='lat' dir='ltr'>catis</span> <span class='ocrx_word' id='word_1_106' title='bbox 288 1083 369 1133; x_wconf 90' lang='lat' dir='ltr'>ipse</span> <span class='ocrx_word' id='word_1_107' title='bbox 392 1082 544 1135; x_wconf 84' lang='lat' dir='ltr'>[itinere</span> <span class='ocrx_word' id='word_1_108' title='bbox 565 1082 747 1135; x_wconf 86' lang='lat' dir='ltr'>terrestri]</span> <span class='ocrx_word' id='word_1_109' title='bbox 769 1086 965 1133; x_wconf 88' lang='lat' dir='ltr'>profectus</span> <span class='ocrx_word' id='word_1_110' title='bbox 987 1092 1043 1123; x_wconf 89' lang='lat' dir='ltr'>est</span> <span class='ocrx_word' id='word_1_111' title='bbox 1064 1085 1104 1122; x_wconf 87' lang='lat' dir='ltr'>in</span> <span class='ocrx_word' id='word_1_112' title='bbox 1126 1084 1284 1133; x_wconf 84' lang='lat' dir='ltr'>Syriam.</span> 
     </span>
    </p>

    <p class='ocr_par' dir='ltr' id='par_1_5' title="bbox 167 1147 1565 2100">
     <span class='ocr_line' id='line_1_18' title="bbox 226 1147 1565 1197; baseline 0.002 -12"><span class='ocrx_word' id='word_1_113' title='bbox 226 1150 333 1185; x_wconf 89' lang='lat' dir='ltr'>Dum</span> <span class='ocrx_word' id='word_1_114' title='bbox 369 1149 464 1185; x_wconf 92' lang='lat' dir='ltr'>haec</span> <span class='ocrx_word' id='word_1_115' title='bbox 500 1147 538 1185; x_wconf 90' lang='lat' dir='ltr'>in</span> <span class='ocrx_word' id='word_1_116' title='bbox 569 1150 749 1197; x_wconf 86' lang='lat' dir='ltr'>Aegypto</span> <span class='ocrx_word' id='word_1_117' title='bbox 777 1155 971 1197; x_wconf 84' lang='lat' dir='ltr'>geruntur,</span> <span class='ocrx_word' id='word_1_118' title='bbox 1003 1162 1067 1186; x_wconf 77' lang='lat' dir='ltr'>rex</span> <span class='ocrx_word' id='word_1_119' title='bbox 1098 1148 1305 1187; x_wconf 86' lang='lat' dir='ltr'>Deiotarus</span> <span class='ocrx_word' id='word_1_120' title='bbox 1334 1150 1385 1187; x_wconf 88' lang='lat' dir='ltr'>ad</span> <span class='ocrx_word' id='word_1_121' title='bbox 1416 1152 1495 1188; x_wconf 93' lang='lat' dir='ltr'>Do-</span> <span class='ocrx_word' id='word_1_122' title='bbox 1513 1155 1565 1193; x_wconf 88' lang='lat'>34</span> 
     </span>
     <span class='ocr_line' id='line_1_19' title="bbox 172 1211 1493 1263; baseline 0.002 -14"><span class='ocrx_word' id='word_1_123' title='bbox 172 1211 324 1250; x_wconf 89' lang='lat' dir='ltr'>mitium</span> <span class='ocrx_word' id='word_1_124' title='bbox 347 1212 566 1258; x_wconf 81' lang='lat' dir='ltr'>Calvinum,</span> <span class='ocrx_word' id='word_1_125' title='bbox 589 1212 651 1250; x_wconf 89' lang='lat' dir='ltr'>cui</span> <span class='ocrx_word' id='word_1_126' title='bbox 673 1214 816 1251; x_wconf 86' lang='lat' dir='ltr'>Caesar</span> <span class='ocrx_word' id='word_1_127' title='bbox 836 1212 970 1250; x_wconf 83' lang='lat' dir='ltr'>Asiam</span> <span class='ocrx_word' id='word_1_128' title='bbox 992 1212 1255 1262; x_wconf 89' lang='lat' dir='ltr'>finitimasque</span> <span class='ocrx_word' id='word_1_129' title='bbox 1275 1213 1493 1263; x_wconf 86' lang='lat' dir='ltr'>provincias</span> 
     </span>
     <span class='ocr_line' id='line_1_20' title="bbox 171 1273 1493 1323; baseline -0.001 -8"><span class='ocrx_word' id='word_1_130' title='bbox 171 1273 499 1315; x_wconf 83' lang='lat' dir='ltr'>administrandas</span> <span class='ocrx_word' id='word_1_131' title='bbox 548 1276 768 1323; x_wconf 85' lang='lat' dir='ltr'>tradiderat,</span> <span class='ocrx_word' id='word_1_132' title='bbox 813 1276 918 1314; x_wconf 86' lang='lat' dir='ltr'>venit</span> <span class='ocrx_word' id='word_1_133' title='bbox 968 1284 1119 1315; x_wconf 87' lang='lat' dir='ltr'>oratum</span> <span class='ocrx_word' id='word_1_134' title='bbox 1167 1290 1217 1315; x_wconf 91' lang='lat' dir='ltr'>ne</span> <span class='ocrx_word' id='word_1_135' title='bbox 1265 1277 1493 1315; x_wconf 89' lang='lat' dir='ltr'>Armeniam</span> 
     </span>
     <span class='ocr_line' id='line_1_21' title="bbox 172 1340 1494 1391; baseline 0.002 -13"><span class='ocrx_word' id='word_1_136' title='bbox 172 1340 372 1387; x_wconf 81' lang='lat' dir='ltr'>minorem,</span> <span class='ocrx_word' id='word_1_137' title='bbox 403 1353 562 1389; x_wconf 82' lang='lat' dir='ltr'>regnum</span> <span class='ocrx_word' id='word_1_138' title='bbox 588 1353 713 1387; x_wconf 87' lang='lat' dir='ltr'>suum,</span> <span class='ocrx_word' id='word_1_139' title='bbox 740 1354 837 1378; x_wconf 88' lang='lat' dir='ltr'>neve</span> <span class='ocrx_word' id='word_1_140' title='bbox 862 1341 1167 1390; x_wconf 87' lang='lat' dir='ltr'>Cappadociam,</span> <span class='ocrx_word' id='word_1_141' title='bbox 1194 1355 1355 1391; x_wconf 87' lang='lat' dir='ltr'>regnum</span> <span class='ocrx_word' id='word_1_142' title='bbox 1385 1342 1494 1381; x_wconf 89' lang='lat' dir='ltr'>Ario-</span> 
     </span>
     <span class='ocr_line' id='line_1_22' title="bbox 172 1404 1493 1456; baseline 0.001 -12"><span class='ocrx_word' id='word_1_143' title='bbox 172 1405 356 1451; x_wconf 84' lang='lat' dir='ltr'>barzanis,</span> <span class='ocrx_word' id='word_1_144' title='bbox 395 1404 583 1454; x_wconf 88' lang='lat' dir='ltr'>possideri</span> <span class='ocrx_word' id='word_1_145' title='bbox 617 1404 834 1453; x_wconf 84' lang='lat' dir='ltr'>vastarique</span> <span class='ocrx_word' id='word_1_146' title='bbox 868 1412 1062 1454; x_wconf 87' lang='lat' dir='ltr'>pateretur</span> <span class='ocrx_word' id='word_1_147' title='bbox 1092 1419 1114 1443; x_wconf 89' lang='lat' dir='ltr'>a</span> <span class='ocrx_word' id='word_1_148' title='bbox 1149 1407 1373 1454; x_wconf 79' lang='lat' dir='ltr'>Pharnace3</span> <span class='ocrx_word' id='word_1_149' title='bbox 1413 1420 1493 1456; x_wconf 87' lang='lat' dir='ltr'>quo</span> 
     </span>
     <span class='ocr_line' id='line_1_23' title="bbox 173 1469 1493 1520; baseline 0.001 -12"><span class='ocrx_word' id='word_1_150' title='bbox 173 1472 275 1509; x_wconf 90' lang='lat' dir='ltr'>malo</span> <span class='ocrx_word' id='word_1_151' title='bbox 315 1470 387 1507; x_wconf 89' lang='lat' dir='ltr'>nisi</span> <span class='ocrx_word' id='word_1_152' title='bbox 428 1470 689 1515; x_wconf 87' lang='lat' dir='ltr'>liberarentur,</span> <span class='ocrx_word' id='word_1_153' title='bbox 732 1469 919 1518; x_wconf 88' lang='lat' dir='ltr'>imperata</span> <span class='ocrx_word' id='word_1_154' title='bbox 956 1483 996 1508; x_wconf 88' lang='lat' dir='ltr'>se</span> <span class='ocrx_word' id='word_1_155' title='bbox 1037 1472 1162 1508; x_wconf 89' lang='lat' dir='ltr'>facere</span> <span class='ocrx_word' id='word_1_156' title='bbox 1205 1470 1493 1520; x_wconf 81' lang='lat' dir='ltr'>pecuniamque</span> 
     </span>
     <span class='ocr_line' id='line_1_24' title="bbox 171 1534 1530 1584; baseline 0.001 -12"><span class='ocrx_word' id='word_1_157' title='bbox 171 1535 401 1584; x_wconf 83' lang='lat' dir='ltr'>promissam</span> <span class='ocrx_word' id='word_1_158' title='bbox 435 1535 591 1574; x_wconf 85' lang='lat' dir='ltr'>Caesari</span> <span class='ocrx_word' id='word_1_159' title='bbox 625 1548 703 1573; x_wconf 90' lang='lat' dir='ltr'>non</span> <span class='ocrx_word' id='word_1_160' title='bbox 737 1548 851 1584; x_wconf 89' lang='lat' dir='ltr'>posse</span> <span class='ocrx_word' id='word_1_161' title='bbox 883 1535 1109 1583; x_wconf 86' lang='lat' dir='ltr'>persolvere.</span> <span class='ocrx_word' id='word_1_162' title='bbox 1172 1534 1380 1581; x_wconf 87' lang='lat' dir='ltr'>Domitius,</span> <span class='ocrx_word' id='word_1_163' title='bbox 1412 1549 1492 1573; x_wconf 92' lang='lat' dir='ltr'>non</span> <span class='ocrx_word' id='word_1_164' title='bbox 1516 1546 1530 1567; x_wconf 85' lang='lat'><strong>2</strong></span> 
     </span>
     <span class='ocr_line' id='line_1_25' title="bbox 170 1598 1491 1650; baseline 0 -14"><span class='ocrx_word' id='word_1_165' title='bbox 170 1606 321 1637; x_wconf 89' lang='lat' dir='ltr'>tantum</span> <span class='ocrx_word' id='word_1_166' title='bbox 342 1601 392 1638; x_wconf 89' lang='lat' dir='ltr'>ad</span> <span class='ocrx_word' id='word_1_167' title='bbox 413 1601 663 1650; x_wconf 84' lang='lat' dir='ltr'>explicandos</span> <span class='ocrx_word' id='word_1_168' title='bbox 686 1607 863 1649; x_wconf 87' lang='lat' dir='ltr'>sumptus</span> <span class='ocrx_word' id='word_1_169' title='bbox 890 1599 943 1637; x_wconf 88' lang='lat' dir='ltr'>rei</span> <span class='ocrx_word' id='word_1_170' title='bbox 968 1598 1141 1636; x_wconf 88' lang='lat' dir='ltr'>militaris</span> <span class='ocrx_word' id='word_1_171' title='bbox 1165 1612 1253 1636; x_wconf 89' lang='lat' dir='ltr'>cum</span> <span class='ocrx_word' id='word_1_172' title='bbox 1286 1599 1491 1648; x_wconf 88' lang='lat' dir='ltr'>pecuniam</span> 
     </span>
     <span class='ocr_line' id='line_1_26' title="bbox 169 1664 1493 1712; baseline -0.001 -11"><span class='ocrx_word' id='word_1_173' title='bbox 169 1664 426 1702; x_wconf 86' lang='lat' dir='ltr'>necessariam</span> <span class='ocrx_word' id='word_1_174' title='bbox 448 1678 532 1703; x_wconf 91' lang='lat' dir='ltr'>esse</span> <span class='ocrx_word' id='word_1_175' title='bbox 553 1665 751 1711; x_wconf 89' lang='lat' dir='ltr'>iudicaret,</span> <span class='ocrx_word' id='word_1_176' title='bbox 775 1665 843 1702; x_wconf 88' lang='lat' dir='ltr'>sed</span> <span class='ocrx_word' id='word_1_177' title='bbox 864 1664 981 1702; x_wconf 87' lang='lat' dir='ltr'>etiam</span> <span class='ocrx_word' id='word_1_178' title='bbox 1008 1670 1119 1712; x_wconf 85' lang='lat' dir='ltr'>turpe</span> <span class='ocrx_word' id='word_1_179' title='bbox 1140 1664 1288 1712; x_wconf 90' lang='lat' dir='ltr'>populo</span> <span class='ocrx_word' id='word_1_180' title='bbox 1310 1664 1493 1701; x_wconf 88' lang='lat' dir='ltr'>Romano</span> 
     </span>
     <span class='ocr_line' id='line_1_27' title="bbox 169 1728 1493 1778; baseline -0.002 -12"><span class='ocrx_word' id='word_1_181' title='bbox 169 1736 206 1766; x_wconf 87' lang='lat' dir='ltr'>et</span> <span class='ocrx_word' id='word_1_182' title='bbox 236 1730 280 1767; x_wconf 93' lang='lat' dir='ltr'>C.</span> <span class='ocrx_word' id='word_1_183' title='bbox 316 1729 471 1769; x_wconf 80' lang='lat' dir='ltr'>Caesari</span> <span class='ocrx_word' id='word_1_184' title='bbox 502 1729 637 1768; x_wconf 89' lang='lat' dir='ltr'>victori</span> <span class='ocrx_word' id='word_1_185' title='bbox 667 1729 820 1778; x_wconf 81' lang='lat' dir='ltr'>sibique</span> <span class='ocrx_word' id='word_1_186' title='bbox 859 1728 1002 1766; x_wconf 88' lang='lat' dir='ltr'>infame</span> <span class='ocrx_word' id='word_1_187' title='bbox 1041 1740 1125 1765; x_wconf 87' lang='lat' dir='ltr'>esse</span> <span class='ocrx_word' id='word_1_188' title='bbox 1159 1734 1343 1765; x_wconf 86' lang='lat' dir='ltr'>statueret</span> <span class='ocrx_word' id='word_1_189' title='bbox 1376 1740 1493 1776; x_wconf 79' lang='lat' dir='ltr'>regna</span> 
     </span>
     <span class='ocr_line' id='line_1_28' title="bbox 169 1791 1492 1843; baseline -0.002 -12"><span class='ocrx_word' id='word_1_190' title='bbox 169 1793 363 1831; x_wconf 85' lang='lat' dir='ltr'>sociorum</span> <span class='ocrx_word' id='word_1_191' title='bbox 385 1802 502 1843; x_wconf 86' lang='lat' dir='ltr'>atque</span> <span class='ocrx_word' id='word_1_192' title='bbox 523 1793 736 1832; x_wconf 86' lang='lat' dir='ltr'>amicorum</span> <span class='ocrx_word' id='word_1_193' title='bbox 759 1794 808 1831; x_wconf 86' lang='lat' dir='ltr'>ab</span> <span class='ocrx_word' id='word_1_194' title='bbox 830 1800 988 1831; x_wconf 82' lang='lat' dir='ltr'>externo</span> <span class='ocrx_word' id='word_1_195' title='bbox 1009 1806 1096 1841; x_wconf 85' lang='lat' dir='ltr'>rege</span> <span class='ocrx_word' id='word_1_196' title='bbox 1117 1791 1310 1841; x_wconf 89' lang='lat' dir='ltr'>occupari,</span> <span class='ocrx_word' id='word_1_197' title='bbox 1333 1791 1492 1830; x_wconf 89' lang='lat' dir='ltr'>nuntios</span> 
     </span>
     <span class='ocr_line' id='line_1_29' title="bbox 168 1855 1492 1905; baseline -0.001 -11"><span class='ocrx_word' id='word_1_198' title='bbox 168 1857 374 1894; x_wconf 89' lang='lat' dir='ltr'>confestim</span> <span class='ocrx_word' id='word_1_199' title='bbox 409 1858 459 1895; x_wconf 89' lang='lat' dir='ltr'>ad</span> <span class='ocrx_word' id='word_1_200' title='bbox 498 1859 739 1895; x_wconf 85' lang='lat' dir='ltr'>Pharnacem</span> <span class='ocrx_word' id='word_1_201' title='bbox 779 1856 893 1903; x_wconf 88' lang='lat' dir='ltr'>misit,</span> <span class='ocrx_word' id='word_1_202' title='bbox 935 1856 1122 1894; x_wconf 88' lang='lat' dir='ltr'>Armenia</span> <span class='ocrx_word' id='word_1_203' title='bbox 1160 1855 1492 1905; x_wconf 86' lang='lat' dir='ltr'>Cappadociaque</span> 
     </span>
     <span class='ocr_line' id='line_1_30' title="bbox 167 1919 1492 1971; baseline -0.002 -12"><span class='ocrx_word' id='word_1_204' title='bbox 167 1922 375 1959; x_wconf 87' lang='lat' dir='ltr'>decederet</span> <span class='ocrx_word' id='word_1_205' title='bbox 414 1935 511 1959; x_wconf 82' lang='lat' dir='ltr'>neve</span> <span class='ocrx_word' id='word_1_206' title='bbox 550 1921 810 1971; x_wconf 88' lang='lat' dir='ltr'>occupatione</span> <span class='ocrx_word' id='word_1_207' title='bbox 854 1920 945 1959; x_wconf 89' lang='lat' dir='ltr'>belli</span> <span class='ocrx_word' id='word_1_208' title='bbox 984 1920 1106 1958; x_wconf 91' lang='lat' dir='ltr'>civilis</span> <span class='ocrx_word' id='word_1_209' title='bbox 1146 1919 1280 1969; x_wconf 89' lang='lat' dir='ltr'>populi</span> <span class='ocrx_word' id='word_1_210' title='bbox 1320 1919 1492 1957; x_wconf 88' lang='lat' dir='ltr'>Romani</span> 
     </span>
     <span class='ocr_line' id='line_1_31' title="bbox 167 1984 1530 2036; baseline 0.001 -13"><span class='ocrx_word' id='word_1_211' title='bbox 167 1985 226 2024; x_wconf 86' lang='lat' dir='ltr'>ius</span> <span class='ocrx_word' id='word_1_212' title='bbox 256 1986 577 2035; x_wconf 89' lang='lat' dir='ltr'>maiestatemque</span> <span class='ocrx_word' id='word_1_213' title='bbox 607 1993 823 2036; x_wconf 86' lang='lat' dir='ltr'>temptaret.</span> <span class='ocrx_word' id='word_1_214' title='bbox 884 1987 1001 2023; x_wconf 91' lang='lat' dir='ltr'>Hanc</span> <span class='ocrx_word' id='word_1_215' title='bbox 1031 1984 1370 2023; x_wconf 86' lang='lat' dir='ltr'>denuntiationem</span> <span class='ocrx_word' id='word_1_216' title='bbox 1401 1998 1490 2022; x_wconf 92' lang='lat' dir='ltr'>cum</span> <span class='ocrx_word' id='word_1_217' title='bbox 1513 1995 1530 2024; x_wconf 79' lang='lat'><strong>3</strong></span> 
     </span>
     <span class='ocr_line' id='line_1_32' title="bbox 168 2049 1490 2100; baseline -0.001 -13"><span class='ocrx_word' id='word_1_218' title='bbox 168 2050 353 2089; x_wconf 90' lang='lat' dir='ltr'>maiorem</span> <span class='ocrx_word' id='word_1_219' title='bbox 374 2051 451 2088; x_wconf 90' lang='lat' dir='ltr'>vim</span> <span class='ocrx_word' id='word_1_220' title='bbox 473 2050 692 2089; x_wconf 86' lang='lat' dir='ltr'>habituram</span> <span class='ocrx_word' id='word_1_221' title='bbox 722 2050 966 2097; x_wconf 78' lang='lat' dir='ltr'>existimaret,</span> <span class='ocrx_word' id='word_1_222' title='bbox 990 2050 1019 2087; x_wconf 91' lang='lat' dir='ltr'>si</span> <span class='ocrx_word' id='word_1_223' title='bbox 1050 2049 1209 2100; x_wconf 86' lang='lat' dir='ltr'>propius</span> <span class='ocrx_word' id='word_1_224' title='bbox 1230 2062 1294 2087; x_wconf 89' lang='lat' dir='ltr'>eas</span> <span class='ocrx_word' id='word_1_225' title='bbox 1315 2049 1490 2099; x_wconf 83' lang='lat' dir='ltr'>regiones</span> 
     </span>
    </p>
   </div>
   <div class='ocr_carea' id='block_1_5' title="bbox 111 2115 1491 2165">
    <p class='ocr_par' dir='ltr' id='par_1_6' title="bbox 111 2115 1491 2165">
     <span class='ocr_line' id='line_1_33' title="bbox 111 2115 1491 2165; baseline -0.001 -13"><span class='ocrx_word' id='word_1_226' title='bbox 111 2126 124 2138; x_wconf 66' lang='lat'>⁸</span> <span class='ocrx_word' id='word_1_227' title='bbox 167 2128 257 2152; x_wconf 91' lang='lat' dir='ltr'>cum</span> <span class='ocrx_word' id='word_1_228' title='bbox 296 2115 465 2153; x_wconf 82' lang='lat' dir='ltr'>exercitu</span> <span class='ocrx_word' id='word_1_229' title='bbox 503 2115 740 2162; x_wconf 86' lang='lat' dir='ltr'>accessisset,</span> <span class='ocrx_word' id='word_1_230' title='bbox 776 2117 827 2153; x_wconf 88' lang='lat' dir='ltr'>ad</span> <span class='ocrx_word' id='word_1_231' title='bbox 861 2115 1033 2165; x_wconf 81' lang='lat' dir='ltr'>legiones</span> <span class='ocrx_word' id='word_1_232' title='bbox 1064 2116 1260 2164; x_wconf 85' lang='lat' dir='ltr'>profectus</span> <span class='ocrx_word' id='word_1_233' title='bbox 1292 2127 1409 2152; x_wconf 89' lang='lat' dir='ltr'>unam</span> <span class='ocrx_word' id='word_1_234' title='bbox 1445 2128 1491 2152; x_wconf 78' lang='lat' dir='ltr'>ex</span> 
     </span>
    </p>
   </div>
   <div class='ocr_carea' id='block_1_6' title="bbox 167 2179 1490 2381">
    <p class='ocr_par' dir='ltr' id='par_1_7' title="bbox 167 2179 1490 2381">
     <span class='ocr_line' id='line_1_34' title="bbox 167 2179 1488 2229; baseline 0 -13"><span class='ocrx_word' id='word_1_235' title='bbox 167 2179 298 2227; x_wconf 87' lang='lat' dir='ltr'>tribus,</span> <span class='ocrx_word' id='word_1_236' title='bbox 321 2192 478 2226; x_wconf 63' lang='lat' dir='ltr'>xxxvl„</span> <span class='ocrx_word' id='word_1_237' title='bbox 497 2193 629 2218; x_wconf 89' lang='lat' dir='ltr'>secum</span> <span class='ocrx_word' id='word_1_238' title='bbox 650 2180 768 2226; x_wconf 86' lang='lat' dir='ltr'>ducit,</span> <span class='ocrx_word' id='word_1_239' title='bbox 791 2181 888 2218; x_wconf 87' lang='lat' dir='ltr'>duas</span> <span class='ocrx_word' id='word_1_240' title='bbox 908 2179 948 2217; x_wconf 92' lang='lat' dir='ltr'>in</span> <span class='ocrx_word' id='word_1_241' title='bbox 970 2182 1191 2229; x_wconf 86' lang='lat' dir='ltr'>Aegyptum</span> <span class='ocrx_word' id='word_1_242' title='bbox 1211 2181 1261 2217; x_wconf 89' lang='lat' dir='ltr'>ad</span> <span class='ocrx_word' id='word_1_243' title='bbox 1283 2180 1488 2218; x_wconf 83' lang='lat' dir='ltr'>Caesarem</span> 
     </span>
     <span class='ocr_line' id='line_1_35' title="bbox 168 2243 1490 2294; baseline 0.002 -14"><span class='ocrx_word' id='word_1_244' title='bbox 168 2243 284 2282; x_wconf 89' lang='lat' dir='ltr'>mittit</span> <span class='ocrx_word' id='word_1_245' title='bbox 304 2244 437 2282; x_wconf 91' lang='lat' dir='ltr'>litteris</span> <span class='ocrx_word' id='word_1_246' title='bbox 454 2245 536 2283; x_wconf 86' lang='lat' dir='ltr'>eius</span> <span class='ocrx_word' id='word_1_247' title='bbox 557 2252 736 2283; x_wconf 86' lang='lat' dir='ltr'>evocatas</span> <span class='ocrx_word' id='word_1_248' title='bbox 754 2259 764 2292; x_wconf 78' lang='lat'><em>3</em></span> <span class='ocrx_word' id='word_1_249' title='bbox 792 2258 956 2294; x_wconf 88' lang='lat' dir='ltr'>quarum</span> <span class='ocrx_word' id='word_1_250' title='bbox 972 2247 1091 2283; x_wconf 86' lang='lat' dir='ltr'>altera</span> <span class='ocrx_word' id='word_1_251' title='bbox 1104 2245 1208 2282; x_wconf 88' lang='lat' dir='ltr'>bello</span> <span class='ocrx_word' id='word_1_252' title='bbox 1224 2244 1490 2282; x_wconf 79' lang='lat' dir='ltr'>Alexandrino</span> 
     </span>
     <span class='ocr_line' id='line_1_36' title="bbox 210 2342 1489 2381; baseline 0.001 -11"><span class='ocrx_word' id='word_1_253' title='bbox 210 2352 229 2378; x_wconf 89' lang='lat'><strong>4</strong></span> <span class='ocrx_word' id='word_1_254' title='bbox 254 2342 389 2380; x_wconf 85' lang='lat' dir='ltr'>regibus</span> <span class='ocrx_word' id='word_1_255' title='bbox 415 2342 564 2372; x_wconf 78' lang='lat' dir='ltr'>Krauer:</span> <span class='ocrx_word' id='word_1_256' title='bbox 600 2343 689 2381; x_wconf 83' lang='lat' dir='ltr'>regis</span> <span class='ocrx_word' id='word_1_257' title='bbox 714 2342 772 2373; x_wconf 84' lang='lat' dir='ltr'>L&#39;:</span> <span class='ocrx_word' id='word_1_258' title='bbox 806 2343 876 2381; x_wconf 86' lang='lat' dir='ltr'>regi</span> <span class='ocrx_word' id='word_1_259' title='bbox 901 2342 989 2372; x_wconf 83' lang='lat' dir='ltr'>D&#39;T‘</span> <span class='ocrx_word' id='word_1_260' title='bbox 1124 2353 1161 2380; x_wconf 85' lang='lat'>14</span> <span class='ocrx_word' id='word_1_261' title='bbox 1186 2342 1307 2372; x_wconf 88' lang='lat' dir='ltr'>itinere</span> <span class='ocrx_word' id='word_1_262' title='bbox 1336 2343 1489 2372; x_wconf 87' lang='lat' dir='ltr'>terrestri</span> 
     </span>
    </p>
   </div>
   <div class='ocr_carea' id='block_1_7' title="bbox 166 2382 1488 2458">
    <p class='ocr_par' dir='ltr' id='par_1_8' title="bbox 166 2382 1488 2458">
     <span class='ocr_line' id='line_1_37' title="bbox 166 2382 1488 2424; baseline 0.003 -12"><span class='ocrx_word' id='word_1_263' title='bbox 166 2382 223 2414; x_wconf 82' lang='lat' dir='ltr'>del.</span> <span class='ocrx_word' id='word_1_264' title='bbox 243 2383 420 2424; x_wconf 72' lang='lat' dir='ltr'>Nipperdey</span> <span class='ocrx_word' id='word_1_265' title='bbox 551 2394 592 2424; x_wconf 84' lang='lat'>32</span> <span class='ocrx_word' id='word_1_266' title='bbox 616 2391 749 2416; x_wconf 85' lang='lat' dir='ltr'>vocatas</span> <span class='ocrx_word' id='word_1_267' title='bbox 767 2385 811 2415; x_wconf 83' lang='lat' dir='ltr'>D&#39;</span> <span class='ocrx_word' id='word_1_268' title='bbox 878 2385 1029 2415; x_wconf 68' lang='lat' dir='ltr'>alteraD</span> <span class='ocrx_word' id='word_1_269' title='bbox 1091 2389 1167 2424; x_wconf 76' lang='lat' dir='ltr'>post</span> <span class='ocrx_word' id='word_1_270' title='bbox 1182 2385 1286 2415; x_wconf 81' lang='lat' dir='ltr'>altera</span> <span class='ocrx_word' id='word_1_271' title='bbox 1304 2385 1378 2415; x_wconf 72' lang='lat' dir='ltr'>add.</span> <span class='ocrx_word' id='word_1_272' title='bbox 1401 2386 1431 2414; x_wconf 84' lang='lat' dir='ltr'>in</span> <span class='ocrx_word' id='word_1_273' title='bbox 1445 2387 1488 2419; x_wconf 77' lang='lat' dir='ltr'>B:</span> 
     </span>
     <span class='ocr_line' id='line_1_38' title="bbox 167 2426 417 2458; baseline 0.004 -2"><span class='ocrx_word' id='word_1_274' title='bbox 167 2426 223 2458; x_wconf 84' lang='lat' dir='ltr'>del.</span> <span class='ocrx_word' id='word_1_275' title='bbox 244 2426 417 2458; x_wconf 72' lang='lat' dir='ltr'>Schneider</span> 
     </span>
    </p>
   </div>
  </div>
 </body>
</html>
