1705 2729
595 135 829 174 INCERTI
862 136 1142 175 AVCTORIS

203 243 387 282 iumentis
409 244 678 294 occupavisset
700 259 827 295 neque
854 246 1015 284 militem
1042 260 1162 284 unum
1185 248 1235 285 ab
1257 247 1386 286 Sicilia
1407 256 1530 286 sustu-

203 307 318 353 lisset,
342 315 498 358 postero
520 308 583 346 die
604 310 653 347 de
675 318 856 359 suggestu
882 311 1106 349 convocatis
1132 312 1309 351 omnium
1331 313 1529 363 legionum

167 390 181 411 z
203 371 366 410 tribunis
381 372 764 422 centurionibusque,
785 377 792 393 ‘
808 374 981 413 Maxime
994 377 1158 422 vellem,'
1173 375 1310 426 inquit,
1329 377 1530 416 ‘homines

202 450 294 475 suae
319 437 556 487 petulantiae
578 437 800 488 nimiaeque
828 439 1015 478 libertatis
1039 440 1253 490 aliquando
1279 442 1397 480 finem
1423 442 1531 481 fecis-

202 509 287 539 sent
327 515 517 551 meaeque
551 502 729 549 lenitatis,
768 504 985 542 modestiae
1016 504 1306 556 patientiaeque
1340 507 1529 546 rationem
1550 522 1568 552 5

166 583 183 613 3,
202 565 440 604 habuissent.
502 567 580 604 Sed
615 567 803 616 quoniam
833 567 905 618 ipsi
940 568 1014 607 sibi
1048 583 1177 619 neque
1207 571 1371 610 modurn
1402 585 1530 621 neque

202 630 411 668 terminum
439 631 692 679 constituunt,
717 646 796 682 quo
821 633 937 672 ceteri
963 634 1200 673 dissimiliter
1223 649 1264 674 se
1287 644 1421 686 gerant
1445 649 1531 686 ego-

162 709 182 739 4
204 703 281 734 met
303 695 385 746 ipse
406 697 691 734 documentum
714 711 821 736 more
843 698 996 736 militari
1013 699 1260 738 constituam.
1305 702 1349 740 C.
1366 701 1527 748 Aviene,

201 761 310 809 quod
337 760 376 798 in
399 760 511 798 Italia
535 760 675 799 milites
706 762 840 812 populi
862 762 1034 801 Romani
1063 771 1200 802 contra
1223 778 1303 802 rem
1331 765 1529 815 publicam

200 823 390 874 instigasti
429 824 661 875 rapinasque
699 839 768 875 per
806 826 1019 877 municipia
1053 828 1177 866 fecisti
1211 830 1399 878 quodque
1434 829 1530 867 mihi
1552 843 1590 866 10

201 889 333 939 reique
354 889 534 939 publicae
555 889 701 928 inutilis
722 891 826 929 fuisti
854 900 891 930 et
916 905 986 942 pro
1007 892 1194 931 militibus
1215 901 1323 931 tuam
1344 893 1529 932 familiam

200 954 454 1004 iumentaque
476 954 515 992 in
536 955 643 993 navis
665 955 885 1006 imposuisti
910 964 1055 1007 tuaque
1079 970 1198 1007 opera
1224 957 1412 997 militibus
1437 966 1530 997 tem-

200 1033 294 1069 pore
326 1019 545 1058 necessario
580 1033 639 1058 res
674 1021 831 1070 publica
862 1029 975 1068 caret,
1014 1022 1066 1060 ob
1101 1035 1165 1060 eas
1199 1036 1258 1061 res
1292 1022 1530 1072 ignominiae

200 1098 317 1122 causa
336 1085 386 1123 ab
407 1084 577 1123 exercitu
598 1099 688 1124 meo
709 1094 745 1124 te
766 1100 949 1124 removeo
966 1086 1164 1136 hodieque
1185 1100 1231 1125 ex
1245 1086 1377 1126 Africa
1391 1088 1529 1125 abesse

199 1157 237 1187 et
267 1157 459 1199 quantum
489 1157 580 1199 pote
610 1150 803 1200 proficisci
834 1151 960 1190 iubeo.
1023 1153 1204 1202 Itemque
1233 1160 1281 1198 te,
1304 1154 1350 1190 A.
1375 1151 1526 1198 Fontei,
1552 1166 1588 1197 15

200 1215 308 1263 quod
329 1213 508 1252 tribunus
530 1213 696 1252 militum
718 1215 926 1254 seditiosus
948 1217 1151 1266 malusque
1172 1215 1265 1254 civis
1286 1216 1401 1263 fuisti,
1420 1224 1458 1255 te
1478 1217 1528 1254 ab

162 1294 178 1325 5
200 1277 369 1316 exercitu
402 1278 566 1317 dimitto.
627 1281 672 1317 T.
706 1279 870 1327 Saliene,
909 1282 963 1318 M.
996 1280 1101 1327 Tiro,
1136 1281 1179 1320 C.
1214 1281 1405 1328 Clusinas,
1438 1294 1529 1319 cum

200 1342 356 1381 ordines
386 1342 426 1380 in
457 1356 546 1381 meo
574 1343 743 1382 exercitu
768 1344 962 1383 beneficio
986 1358 1068 1383 non
1087 1344 1227 1383 virtute
1251 1345 1453 1384 consecuti
1477 1345 1530 1384 ita

199 1420 267 1445 vos
298 1406 491 1456 gesseritis
524 1415 566 1445 ut
600 1421 728 1457 neque
760 1409 864 1447 bello
898 1410 1015 1447 fortes
1047 1423 1176 1459 neque
1207 1423 1303 1459 pace
1334 1410 1429 1449 boni
1462 1417 1525 1448 aut

199 1471 312 1509 utiles
340 1471 486 1510 fueritis
514 1480 552 1510 et
579 1472 699 1522 magis
721 1472 759 1510 in
781 1473 974 1512 seditione
994 1473 1319 1524 concitandisque
1340 1474 1528 1513 militibus
1550 1490 1590 1512 20

199 1537 406 1575 adversum
423 1544 593 1575 vestrum
615 1537 889 1588 imperatorem
910 1552 1029 1588 quam
1050 1539 1210 1589 pudoris
1232 1540 1529 1590 modestiaeque

200 1601 346 1640 fueritis
373 1602 637 1649 studiosiores,
662 1602 844 1653 indignos
872 1617 940 1642 vos
971 1618 1056 1642 esse
1082 1605 1246 1644 arbitror
1275 1605 1342 1655 qui
1372 1605 1412 1643 in
1439 1619 1529 1644 meo

200 1666 369 1705 exercitu
400 1667 556 1705 ordines
587 1668 748 1715 ducatis,
774 1668 992 1719 missosque
1023 1670 1123 1708 facio
1153 1678 1191 1708 et
1220 1678 1410 1720 quantum
1436 1678 1529 1720 pote

161 1742 180 1773 6
199 1732 336 1770 abesse
364 1745 410 1769 ex
432 1731 562 1770 Africa
586 1732 728 1771 iubeo.'
788 1735 926 1783 Itaque
948 1734 1064 1772 tradit
1086 1748 1152 1773 eos
1174 1734 1470 1773 centurionibus
1491 1743 1529 1773 et

199 1795 359 1845 singulis
399 1810 478 1834 non
517 1797 684 1846 amplius
723 1797 897 1847 singulos
936 1798 1093 1838 additos
1133 1812 1264 1838 servos
1304 1798 1344 1837 in
1387 1813 1528 1838 navem
1550 1814 1588 1845 25

199 1859 462 1910 imponendos
493 1861 698 1910 separatim
729 1863 886 1901 curavit.

129 1931 179 1970 55
254 1925 409 1963 Gaetuli
440 1925 594 1964 interim
623 1928 818 1977 perfugae,
842 1942 941 1978 quos
971 1943 1061 1968 curn
1091 1929 1225 1969 litteris
1255 1929 1529 1980 mandatisque

198 2003 221 2027 a
244 1991 410 2028 Caesare
432 1990 570 2028 missos
591 2005 706 2041 supra
728 1993 947 2041 docuimus,
970 1996 1021 2033 ad
1048 2007 1139 2033 suos
1167 1994 1260 2033 civis
1284 1994 1526 2044 perveniunt.

201 2055 380 2102 Quorum
401 2055 631 2095 auctoritate
657 2058 769 2096 facile
796 2059 958 2098 adducti
980 2059 1236 2109 Caesarisque
1259 2059 1422 2098 nomine
1447 2072 1530 2109 per-

200 2119 302 2156 suasi
319 2133 340 2156 a
356 2133 444 2169 rege
463 2122 562 2159 Iuba
580 2123 804 2161 desciscunt
821 2123 1075 2174 celeriterque
1091 2124 1221 2163 cuncti
1241 2138 1349 2163 arma
1369 2124 1529 2174 capiunt
1549 2137 1589 2168 30

165 2197 180 2218 2
201 2191 414 2233 contraque
436 2199 565 2236 regem
587 2188 712 2226 facere
729 2201 809 2226 non
826 2188 1017 2227 dubitant.
1061 2189 1216 2237 Quibus
1232 2190 1348 2228 rebus
1365 2188 1529 2240 cognitis

244 2291 264 2319 6
289 2289 353 2328 ipsi
378 2289 430 2321 L:
465 2290 514 2321 usi
546 2291 592 2321 T:
616 2291 680 2322 illis
698 2293 748 2323 usi
777 2292 827 2323 V:
861 2292 927 2324 illis
951 2293 1045 2324 abusi
1062 2291 1253 2333 Hoffmann
1388 2303 1425 2332 15
1450 2298 1529 2333 pote

204 2332 400 2374 Oudendotp
417 2346 423 2364 :
449 2339 529 2373 peto
547 2334 624 2364 DT'
642 2347 648 2365 :
673 2341 784 2374 potest
801 2335 842 2365 L'
961 2347 998 2366 21
1025 2337 1201 2367 adversum
1218 2342 1366 2368 vestrum
1385 2338 1527 2377 impera-

202 2380 307 2407 torem
328 2377 513 2408 Ciczccom'ns
530 2390 536 2408 t
560 2379 830 2410 adversariorum
847 2384 1035 2411 vestrorum
1054 2381 1264 2420 imperatoris
1281 2380 1319 2410 X
1427 2390 1469 2411 22
1494 2380 1528 2411 in

205 2418 254 2450 V:
279 2431 345 2452 om.
366 2424 430 2452 cett.
568 2432 609 2460 23
634 2427 712 2461 pote
731 2423 787 2453 D:
812 2428 890 2462 peto
914 2423 968 2454 T':
997 2428 1109 2462 potest
1126 2423 1167 2453 L‘
