1705 2729
603 168 658 204 IN
667 167 837 205 CERTI
870 165 1150 204 AVCTORIS

213 276 374 314 veniunt
390 290 399 323 ;
438 283 587 326 petunt,
621 275 839 322 obsecrant,
872 282 913 313 ut
943 273 1016 312 sibi
1046 272 1283 324 praesidium
1313 272 1465 312 mittat:
1497 286 1538 312 se

176 354 190 374 2
212 354 271 379 res
292 340 504 391 compluris
525 353 625 390 quae
647 339 759 378 utiles
787 340 891 378 bello
919 339 995 377 sint
1022 338 1405 377 sumministraturos.
1465 340 1539 377 Per

212 405 253 444 id
292 412 447 455 tempus
489 406 678 445 †deorum
718 406 918 442 voluntate
962 403 1173 453 studioque
1211 416 1300 453 erga
1330 404 1538 443 Caesarem

212 471 408 520 transfuga
438 482 528 507 suos
558 468 652 507 civis
681 468 772 506 facit
801 468 1008 508 certiores†
1039 469 1180 506 Iubam
1211 481 1341 518 regem
1365 467 1540 506 celeriter

212 548 302 572 cum
333 534 455 584 copiis
486 534 575 581 suis,
599 541 810 583 antequam
842 533 1019 573 Caesaris
1040 532 1278 583 praesidium
1299 546 1346 570 eo
1367 532 1539 582 perveni·
1558 540 1576 571 5

212 606 279 646 ret,
298 600 348 637 ad
368 599 560 649 oppidum
581 598 845 637 accucurrisse
861 606 979 648 atque
995 598 1271 636 advenientem
1289 597 1539 635 multitudine

211 664 452 702 circumdata
479 677 526 701 eo
553 663 721 713 potitum
752 663 1016 713 omnibusque
1046 663 1128 701 eius
1158 662 1294 713 oppidi
1321 661 1459 700 incolis
1488 662 1539 700 ad

212 742 335 766 unum
351 728 563 767 interfectis
584 729 740 767 dedisse
757 728 949 779 oppidum
966 727 1230 778 diripiendum
1244 728 1539 776 delendumque

212 793 410 831 militibus.

142 865 192 904 75
266 858 410 897 Caesar
447 856 601 895 interim
632 858 793 895 lustrato
823 856 994 895 exercitu
1031 870 1063 894 a.
1101 858 1137 895 d.
1170 868 1242 894 XII.
1286 857 1372 894 Kal.
1415 855 1535 906 April.
1559 867 1599 890 10

211 929 368 972 postero
398 921 462 960 die
496 922 697 971 productis
730 921 918 960 universis
958 920 1081 971 copiis
1120 934 1345 971 progressus
1379 921 1429 959 ab
1460 920 1538 958 suis

211 987 344 1026 castris
375 987 480 1026 milia
510 1001 695 1038 passuum
718 999 752 1034 V,
775 1001 797 1025 a
828 986 1022 1037 Scipionis
1052 986 1204 1025 circiter
1233 987 1356 1024 duum
1387 985 1538 1023 milium

176 1066 189 1086 2
213 1053 415 1092 interiecto
440 1053 576 1104 spatio,
609 1053 648 1091 in
673 1052 757 1091 acie
781 1051 965 1091 constitit.
1026 1053 1241 1101 Postquam
1271 1050 1363 1089 satis
1392 1050 1539 1101 diuque

211 1118 452 1157 adversarios
490 1119 540 1157 ab
579 1131 620 1156 se
658 1119 709 1157 ad
747 1117 1019 1156 dimicandum
1058 1116 1241 1154 invitatos
1285 1116 1539 1166 supersedere

212 1196 365 1233 pugnae
394 1182 679 1230 animadvertit,
713 1181 864 1221 reducit
891 1181 1024 1231 copias
1054 1188 1291 1231 posteroque
1318 1180 1382 1219 die
1416 1188 1539 1219 castra
1561 1195 1598 1227 ¹5

213 1256 343 1286 movet
372 1256 490 1298 atque
520 1247 592 1286 iter
617 1248 668 1286 ad
693 1246 885 1297 oppidum
917 1247 1126 1293 Sarsuram,
1151 1245 1218 1284 ubi
1245 1245 1376 1296 Scipio
1404 1244 1540 1283 Numi-

212 1314 349 1351 darum
378 1313 567 1351 habuerat
599 1311 836 1362 praesidium
867 1312 1187 1360 frumentumque
1215 1317 1538 1360 comportaverat,

175 1386 191 1416 3
212 1377 265 1415 ire
290 1377 505 1416 contendit.
566 1377 688 1425 Quod
709 1375 776 1415 ubi
798 1375 997 1414 Labienus
1017 1374 1302 1422 animadvertit,
1325 1387 1415 1412 curn
1436 1374 1542 1424 equi-

213 1450 294 1480 tatu
315 1442 470 1492 levique
490 1448 684 1480 armatura
704 1454 846 1490 agmen
871 1440 954 1478 eius
982 1447 1199 1478 extremum
1224 1452 1381 1489 carpere
1412 1438 1541 1488 coepit

211 1514 330 1556 atque
351 1506 403 1544 ita
424 1506 587 1544 lixarum
609 1513 950 1555 mercatorumque
981 1504 1048 1554 qui
1078 1503 1258 1553 plaustris
1287 1516 1436 1541 merces
1456 1516 1541 1553 por-
1562 1518 1601 1540 20

212 1572 347 1610 tabant
368 1571 592 1621 interceptis
613 1570 772 1609 sarcinis
785 1570 921 1609 addito
941 1569 1074 1608 animo
1095 1568 1254 1619 propius
1274 1568 1541 1618 audaciusque

211 1636 365 1674 accedit
385 1637 435 1674 ad
456 1636 639 1686 legiones,
664 1636 773 1685 quod
803 1634 1049 1673 existimabat
1080 1633 1220 1672 milites
1248 1634 1322 1671 sub
1348 1646 1466 1671 onere
1494 1645 1541 1670 ae

174 1713 190 1742 4
213 1702 286 1739 sub
326 1701 485 1739 sarcinis
521 1700 752 1750 defatigatos
793 1713 966 1750 pugnare
1006 1712 1085 1737 non
1126 1711 1252 1749 posse.
1330 1698 1444 1746 Quae
1482 1710 1541 1735 res

214 1769 423 1807 Caesarem
462 1779 543 1804 non
585 1767 795 1804 fefellerat:
836 1777 1008 1814 namque
1049 1763 1252 1813 expeditos
1295 1776 1342 1801 ex
1381 1761 1540 1811 singulis

213 1832 432 1882 legionibus
462 1839 640 1869 trecenos
681 1830 823 1868 milites
862 1843 947 1868 esse
986 1829 1156 1867 iusserat.
1236 1829 1375 1877 Itaque
1404 1840 1471 1865 eos
1500 1840 1540 1864 in
1561 1840 1599 1872 25

213 1896 431 1947 equitatum
481 1895 645 1934 Labieni
697 1894 893 1932 immissos
943 1893 1079 1932 turmis
1127 1906 1287 1931 suorum
1343 1891 1540 1942 suppetias

175 1979 193 2010 5
214 1961 339 1999 mittit.
399 1963 504 1999 Tum
536 1960 735 1999 Labienus
758 1958 954 1998 conversis
976 1958 1086 2008 equis
1107 1958 1305 2008 signorum
1327 1964 1541 2007 conspectu

174 2033 193 2064 6
212 2025 435 2075 perterritus
459 2025 681 2075 turpissime
698 2026 830 2073 fugere
852 2022 1065 2061 contendit.
1128 2022 1265 2060 Multis
1286 2021 1368 2060 eius
1389 2021 1539 2068 occisis,

211 2089 479 2140 compluribus
504 2088 713 2128 vulneratis
744 2087 886 2126 milites
907 2087 1106 2137 legionarii
1126 2088 1177 2125 ad
1198 2100 1267 2125 sua
1288 2099 1328 2124 se
1350 2085 1541 2136 recipiunt

254 2204 274 2223 2
299 2193 624 2224 sumministraturos
642 2193 792 2224 Kraner:
817 2191 1108 2223 administraturos
1126 2189 1163 2219 X
1305 2199 1324 2227 3
1348 2190 1437 2219 idem
1458 2189 1540 2227 ΠΟ)

210 2238 351 2268 deorum
367 2239 390 2271 β
405 2248 411 2267 :
437 2237 479 2267 de
497 2246 614 2267 eorum
632 2235 666 2265 D
773 2247 792 2274 4
817 2235 1009 2274 transfugas
1027 2233 1097 2264 DT
1197 2243 1258 2271 2—4
1275 2232 1479 2263 scribendum
1495 2233 1541 2262 ita

211 2291 272 2320 per
287 2281 319 2311 id
337 2285 469 2319 tempus
489 2280 705 2310 nuntiabatur
728 2280 770 2310 de
792 2289 907 2309 eorum
926 2278 1097 2308 voluntate
1117 2278 1298 2316 studioque
1321 2286 1400 2315 erga
1418 2276 1539 2306 Caesa-

211 2334 280 2354 rem
307 2333 367 2363 per
393 2323 586 2362 transfugas
615 2324 739 2353 factum
767 2322 948 2353 certiorem
980 2324 1080 2351 censet
1109 2319 1276 2350 Viellmher
1402 2329 1436 2348 11
1464 2328 1538 2357 pro-

211 2377 349 2406 gressus
366 2366 452 2398 codd.
474 2366 603 2397 Norvic.
621 2370 650 2397 et
669 2365 759 2396 Voss.
777 2378 783 2396 :
808 2375 989 2404 processus
1006 2363 1043 2393 X
1156 2374 1193 2402 13
1216 2374 1282 2402 que
1298 2362 1356 2394 del.
1381 2360 1539 2400 Woelfflin

212 2420 252 2450 25
277 2416 433 2441 trecenos
452 2410 615 2441 Kuebler:
640 2410 787 2440 tricenos
805 2407 842 2437 X
