1705 2729
131 499 148 529 5

111 820 147 842 10

110 1141 143 1173 ยน5

105 1787 141 1819 25

104 2108 143 2139 30

367 123 440 159 DE
471 122 650 159 BELLO
679 121 1094 158 ALEXANDRINO
1125 122 1294 158 LIBER

170 231 261 270 licto
288 232 338 269 ab
365 232 477 269 hoste
503 238 627 268 castra
652 230 792 280 posuit.
854 233 1015 268 Postero
1045 229 1108 268 die
1138 231 1350 275 castellum,
1377 231 1486 280 quod
1509 241 1526 271 3

169 311 231 334 rex
252 296 291 333 in
311 295 487 345 proximo
508 295 593 333 vico
617 309 696 333 non
724 297 839 344 longe
862 309 885 332 a
912 294 990 332 suis
1014 294 1147 332 castris
1172 295 1362 332 munierat
1382 296 1487 333 brac-

168 360 343 409 chiisque
374 373 463 397 cum
495 373 611 409 opere
642 367 855 397 castrorum
890 358 1143 396 coniunxerat
1174 358 1246 396 vici
1281 358 1487 397 obtinendi

168 437 292 469 causa,
318 425 460 462 Caesar
482 437 682 473 aggressus
707 423 891 461 omnibus
921 422 1044 472 copiis
1071 430 1276 472 expugnat,
1303 437 1383 462 non
1408 437 1487 473 quo

168 487 207 526 id
232 487 380 526 minore
405 501 568 525 numero
598 487 765 524 militum
790 486 979 536 consequi
1006 486 1163 525 difficile
1190 489 1293 525 factu
1323 495 1485 537 putaret,

167 553 235 589 sed
256 559 298 589 ut
317 552 367 589 ab
387 565 433 589 ea
452 551 612 589 victoria
631 551 839 601 perterritis
863 551 1137 589 Alexandrinis
1164 552 1340 601 protinus
1365 559 1490 590 castra

167 615 262 665 regis
284 622 534 665 oppugnaret.
597 617 735 665 Itaque
756 629 803 653 eo
824 629 949 662 cursu,
974 629 1053 664 quo
1080 615 1302 665 refugientis
1324 617 1488 654 Alexan-
1509 632 1529 661 4

165 679 297 717 drinos
318 693 364 717 ex
384 681 543 717 castello
569 678 608 716 in
635 686 760 716 castra
779 686 869 716 sunt
897 679 1038 718 milites
1063 679 1237 725 insecuti,
1266 679 1488 718 munitioni-

166 744 238 781 bus
272 751 540 781 successerunt
573 743 837 792 acerrimeque
869 743 1021 781 eminus
1052 744 1229 793 proeliari
1261 751 1484 794 coeperunt.

169 808 331 846 Duabus
361 821 406 845 ex
436 807 609 857 partibus
637 807 766 845 aditus
796 807 1100 857 oppugnationis
1130 808 1269 846 nostris
1299 809 1487 847 dabatur:
1511 819 1526 849 5

165 886 251 918 una,
286 885 404 921 quam
436 871 599 910 liberum
634 885 836 910 accessum
871 873 1014 910 habere
1048 872 1322 919 demonstravi,
1355 874 1484 918 altera,

164 949 264 985 quae
296 935 492 974 mediocre
527 935 770 973 intervallum
810 935 909 974 inter
940 943 1064 973 castra
1097 944 1135 974 et
1170 938 1314 975 fiumen
1350 937 1485 974 Nilum

164 1001 343 1039 habebat.
400 1000 573 1038 Maxima
593 1008 631 1038 et
651 1000 885 1038 electissima
905 1000 1116 1039 multitudo
1133 1001 1485 1039 Alexandrinorum
1508 1008 1527 1039 6

164 1065 401 1103 defendebat
425 1078 510 1103 eam
538 1072 698 1114 partem,
722 1078 823 1114 quae
853 1065 1081 1103 facillimum
1111 1066 1260 1104 aditum
1292 1066 1461 1104 habebat
1477 1080 1486 1112 3

163 1128 373 1178 plurimum
412 1128 668 1178 proficiebant
708 1128 747 1165 in
786 1129 1020 1178 repellendis
1059 1130 1387 1179 vulnerandisque
1422 1144 1488 1168 no-

163 1193 257 1239 stris,
282 1193 348 1243 qui
374 1193 530 1243 regione
552 1193 722 1231 fluminis
745 1193 825 1230 Nili
846 1195 1146 1244 propugnabant
1164 1210 1169 1232 :
1200 1194 1360 1233 diversis
1381 1194 1486 1233 enim

163 1257 247 1295 telis
274 1257 393 1296 nostri
421 1259 647 1307 figebantur,
670 1258 821 1296 adversi
852 1272 898 1296 ex
919 1260 1020 1296 vallo
1045 1266 1268 1305 castrorum,
1292 1259 1414 1297 aversi
1441 1273 1488 1297 ex

162 1321 333 1369 flumine,
365 1321 403 1359 in
443 1335 522 1371 quo
561 1324 704 1360 multae
744 1335 861 1361 naves
900 1322 1110 1361 instructae
1149 1323 1410 1362 funditoribus
1450 1331 1487 1362 et

163 1386 364 1436 sagittariis
385 1394 538 1425 nostros
560 1386 852 1437 impugnabant.

217 1452 359 1490 Caesar
379 1465 469 1489 cum
490 1451 638 1490 videret
659 1451 800 1489 milites
824 1451 949 1489 acrius
974 1452 1151 1502 proeliari
1177 1466 1255 1491 non
1278 1466 1392 1503 posse
1414 1467 1486 1492 nec
1506 1464 1549 1501 31

162 1522 292 1554 tamen
322 1518 488 1554 multum
516 1515 653 1566 profici
680 1523 837 1565 propter
866 1517 1042 1554 locorum
1072 1516 1352 1563 difficultatem,
1382 1531 1487 1555 cum-

161 1594 237 1630 que
283 1581 458 1619 animum
498 1582 714 1619 adverteret
752 1580 1058 1619 excelsissimum
1102 1583 1232 1619 locum
1272 1590 1485 1620 castrorum

161 1644 337 1683 relictum
359 1659 442 1684 esse
463 1646 513 1683 ab
534 1644 818 1691 Alexandrinis,
843 1646 951 1694 quod
978 1653 1015 1683 et
1042 1658 1109 1695 per
1130 1659 1170 1683 se
1191 1645 1364 1684 munitus
1385 1653 1486 1684 esset

162 1716 199 1747 et
223 1709 353 1748 studio
382 1710 520 1759 partim
548 1710 748 1760 pugnandi
776 1709 915 1760 partim
944 1709 1147 1759 spectandi
1174 1710 1487 1749 decucurrissent

161 1773 200 1811 in
228 1788 318 1812 eum
350 1776 480 1813 locuni
513 1774 553 1812 in
584 1788 663 1824 quo
695 1775 951 1824 pugnabatur,
986 1774 1157 1813 cohortis
1187 1774 1253 1813 illo
1284 1775 1486 1814 circumire

160 1846 284 1876 castra
304 1846 341 1877 et
362 1852 559 1876 summum
587 1841 717 1877 locum
745 1839 901 1889 aggredi
929 1839 1039 1877 iussit
1069 1839 1203 1889 eisque
1232 1840 1485 1878 Carfulenum

159 1903 352 1952 praefecit,
394 1911 432 1942 et
470 1903 591 1941 animi
630 1903 900 1954 magnitudine
940 1912 977 1943 et
1017 1904 1070 1942 rei
1111 1904 1285 1942 militaris
1325 1904 1487 1943 scientia

159 1967 282 2005 virum
312 1975 584 2018 praestantem.
645 1970 736 2017 Quo
767 1976 808 2006 ut
833 1976 993 2007 ventum
1022 1977 1089 2015 est,
1118 1969 1253 2018 paucis
1274 1970 1487 2008 defenden-
1507 1984 1522 2005 2

160 2030 263 2070 tibus
302 2032 572 2078 munitionem,
614 2032 755 2071 nostris
797 2041 932 2072 contra
972 2033 1159 2073 militibus
1200 2034 1386 2072 acerrime
1419 2048 1486 2084 pu-

160 2096 378 2144 gnantibus,
402 2097 555 2136 diverso
582 2099 751 2136 clamore
775 2105 813 2136 et
833 2098 981 2148 proelio
1010 2098 1198 2149 perterriti
1232 2098 1486 2137 Alexandrini

160 2160 396 2210 trepidantes
423 2161 462 2199 in
487 2161 615 2200 omnis
644 2162 761 2212 partis
782 2170 995 2202 castrorum
1020 2163 1234 2203 discurrere
1257 2171 1482 2214 coeperunt.

161 2225 338 2273 Quorum
365 2226 655 2276 perturbatione
682 2234 903 2266 nostrorum
934 2227 1054 2266 animi
1085 2230 1186 2267 adeo
1213 2236 1304 2267 sunt
1335 2227 1484 2267 incitati
1503 2243 1521 2274 3

207 2338 218 2357 1
242 2331 317 2368 post
342 2329 484 2360 Postero
508 2329 582 2361 add.
610 2341 690 2361 vero
712 2330 774 2361 FV
905 2341 942 2370 17
968 2331 1077 2362 aversi
1103 2331 1197 2362 codex
1220 2343 1307 2363 unus
1329 2332 1481 2363 Brantt't':

160 2371 261 2402 mersi
278 2370 315 2400 ฮง
443 2383 483 2411 25
508 2373 564 2404 illo
580 2372 632 2403 X:
659 2383 696 2403 111
715 2374 863 2405 Faernus
