1705 2729
590 137 825 175 INCERTI
858 136 1139 175 AVCTORIS

159 263 174 295 7
196 247 303 286 clusi.
364 249 542 296 Quorum
566 247 638 285 nisi
664 260 817 285 summa
842 247 961 285 virtus
986 247 1131 294 fuisset,
1153 247 1228 285 vivi
1249 247 1351 298 capti
1373 255 1526 286 essent:

195 325 286 350 nam
325 319 363 350 et
402 311 620 350 munitione
659 311 826 361 praesidi
860 312 912 349 ita
945 312 1303 361 coangustabantur
1336 320 1377 350 ut
1407 325 1527 361 eques

157 375 323 426 gspatio
361 375 573 414 intercluso
612 375 673 413 vix
712 389 753 414 se
793 377 1004 414 defendere
1047 384 1189 425 posset.
1264 378 1323 414 Ex
1360 384 1527 426 utroque

194 453 336 490 genere
364 454 519 490 pugnae
548 442 769 490 complures
801 448 892 478 sunt
925 440 1151 478 vulneribus
1183 441 1338 487 adfecti,
1370 441 1409 478 in
1439 441 1526 491 quis

195 504 312 543 etiam
343 505 507 544 Clodius
537 504 764 554 Arquitius3
798 505 897 543 inter
923 517 1022 554 quos
1049 504 1102 542 ita
1125 505 1346 543 comminus
1373 513 1430 543 est
1459 518 1527 555 pu·
1546 520 1563 550 5

193 576 356 619 gnatum
385 576 427 607 ut
456 582 502 607 ex
540 569 680 607 nostris
712 577 863 619 praeter
900 570 1000 607 duos
1042 568 1291 607 centuriones
1329 569 1377 607 sit
1408 582 1526 608 nemo

194 633 437 672 desideratus
466 633 586 683 gloria
615 647 656 672 se
686 633 889 672 efferentis.

125 711 176 748 24
251 700 413 737 Postero
434 699 498 737 die
518 700 568 737 ad
590 698 820 736 Soricariam
848 706 1103 748 utrorumque
1129 711 1348 737 convenere
1375 698 1522 748 copiae.

160 777 173 796 2
197 763 330 801 Nostri
351 763 534 802 bracchia
555 764 698 802 ducere
719 771 943 813 coeperunt.
1005 764 1217 813 Pompeius
1241 777 1332 801 cum
1352 763 1526 802 animad-

195 835 360 866 verteret
397 829 557 866 castello
592 842 632 866 se
671 828 827 866 excludi
858 828 1039 878 Aspavia,
1074 829 1181 877 quod
1220 836 1278 866 est
1308 829 1358 866 ab
1391 828 1525 868 Ucubi
1547 844 1586 866 10

196 891 301 930 milia
322 905 508 941 passuum
531 904 564 938 V,
589 893 686 930 haec
714 906 773 930 res
798 892 1017 930 necessario
1045 893 1262 931 devocabat
1283 900 1325 931 ut
1344 894 1395 931 ad
1416 892 1526 931 dimi-

195 957 367 994 candum
406 957 663 995 descenderet
679 971 689 1003 3
736 969 865 1006 neque
903 964 1034 994 tamen
1073 970 1201 1006 aequo
1239 958 1329 996 loco
1367 957 1426 995 sui
1460 970 1526 1007 po-

195 1028 375 1059 testatem
406 1021 587 1067 faciebat,
634 1023 703 1060 sed
738 1034 783 1059 ex
814 1034 952 1071 grumo
982 1052 988 1058 .
1022 1052 1028 1058 .
1062 1051 1068 1058 .
1102 1023 1298 1059 excelsum
1331 1023 1526 1060 tumulum

195 1084 414 1134 capiebant,
438 1098 562 1134 usque
583 1098 630 1123 eo
651 1092 692 1123 ut
717 1085 936 1123 necessario
961 1093 1162 1135 cogeretur
1188 1085 1365 1135 iniquum
1394 1088 1525 1124 locum

157 1162 174 1193 3
196 1150 335 1189 subire.
397 1152 488 1199 Quo
523 1151 573 1188 de
607 1151 710 1189 facto
745 1164 835 1189 cum
870 1158 1124 1201 utrorumque
1159 1151 1295 1201 copiae
1329 1153 1523 1190 tumulum
1548 1166 1584 1199 ¹5

196 1217 451 1254 excellentem
505 1215 702 1265 petissent,
757 1215 941 1265 prohibiti
989 1230 1011 1253 a
1058 1215 1198 1254 nostris
1246 1224 1336 1255 sunt
1383 1216 1525 1254 deiecti

196 1281 365 1330 planitie.
427 1283 540 1330 Quae
574 1294 633 1319 res
668 1282 886 1319 secundum
919 1281 1059 1319 nostris
1094 1281 1286 1320 efficiebat
1320 1282 1522 1331 proelium.

157 1367 175 1394 4
197 1345 388 1395 Undique
409 1345 641 1384 cedentibus
661 1345 889 1384 adversariis
917 1358 996 1383 non
1024 1358 1161 1395 parum
1183 1358 1323 1394 magna
1344 1346 1383 1383 in
1404 1347 1525 1385 caede

158 1423 174 1453 5
196 1411 458 1448 versabantur.
519 1410 701 1459 †Quibus
731 1424 856 1457 mons,
886 1423 965 1448 non
991 1410 1121 1457 virtus,
1148 1410 1260 1448 saluti
1291 1410 1371 1448 fuit.
1432 1412 1525 1458 Quo

196 1474 384 1522 subsidio,
414 1482 467 1521 ut,
493 1474 567 1513 nisi
594 1475 897 1525 advesperasset,
921 1488 943 1512 a
967 1474 1216 1524 paucioribus
1246 1474 1387 1513 nostris
1417 1475 1524 1512 omni
1547 1491 1588 1513 20

157 1549 175 1578 6
195 1539 339 1578 auxilio
368 1539 505 1589 privati
535 1543 701 1579 essent†.
763 1540 866 1577 Nam
897 1539 1123 1577 ceciderunt
1154 1553 1199 1577 ex
1228 1539 1303 1577 levi
1332 1548 1525 1578 armatura

195 1616 392 1651 cccxxm,
433 1618 479 1642 ex
517 1604 736 1654 legionariis
784 1616 987 1650 cxxxvlii,
1038 1611 1308 1653 praeterquam
1358 1618 1524 1653 quorum

194 1683 301 1707 arma
321 1677 358 1708 et
380 1669 503 1719 spolia
524 1677 614 1707 sunt
634 1670 773 1707 ablata.
837 1670 897 1707 Ita
917 1668 1040 1719 pridie
1061 1670 1229 1707 duorum
1251 1668 1524 1707 centurionum

195 1733 364 1773 interitio
386 1735 459 1771 hac
479 1733 789 1772 adversariorum
811 1747 939 1784 poena
960 1741 1017 1771 est
1037 1733 1155 1772 litata.

125 1810 175 1848 25
250 1798 479 1847 Insequenti
509 1798 573 1836 die
600 1798 680 1848 pari
710 1798 998 1837 consuetudine
1018 1811 1108 1836 cum
1129 1799 1179 1836 ad
1200 1799 1370 1836 eundem
1392 1799 1522 1835 locum
1546 1812 1584 1843 25

195 1863 276 1901 eius
311 1862 548 1913 praesidium
580 1862 759 1909 venisset,
794 1863 957 1912 pristino
986 1862 1053 1901 illo
1083 1876 1154 1900 suo
1184 1863 1393 1901 utebantur
1422 1862 1526 1900 insti-

195 1934 303 1965 tuto:
334 1940 424 1965 nam
459 1935 610 1977 praeter
641 1927 791 1977 equites
822 1927 917 1965 nulli
946 1929 1035 1965 loco
1063 1940 1192 1977 aequo
1216 1940 1257 1965 se
1282 1926 1525 1966 committere

160 1991 404 2029 zaudebant.
465 1992 567 2030 Cum
608 1991 728 2029 nostri
767 1991 805 2028 in
841 2005 958 2041 opere
997 1999 1137 2038 essent,
1178 1991 1354 2041 equitum
1389 1991 1526 2041 copiae

239 2095 259 2124 8
283 2094 324 2124 ad
350 2094 551 2124 Soricariam
579 2094 770 2134 Glandorp:
810 2095 851 2124 ab
878 2093 1046 2124 Soricaria
1070 2092 1107 2122 X
1218 2103 1255 2132 13
1279 2094 1434 2124 lacunam
1457 2098 1522 2124 not.

197 2136 374 2177 Nipperdqv
488 2147 525 2177 14
550 2138 705 2176 capiebat
728 2136 767 2167 Τ1
786 2136 874 2167 codd.
896 2147 964 2167 rece.
1083 2147 1121 2174 19
1146 2136 1240 2176 Quo]
1258 2136 1349 2175 quod
1372 2136 1401 2166 T
1484 2148 1526 2167 20

198 2186 233 2211 ut
250 2191 314 2211 om.
340 2180 374 2217 T,
394 2180 513 2210 Dinter
534 2181 592 2219 qni
610 2185 685 2220 post
708 2180 858 2211 subsidio
880 2179 956 2210 add.
976 2180 1115 2215 subnisi,
1136 2179 1327 2219 Hoffinann
1352 2180 1411 2218 qni
1429 2180 1525 2210 verba

197 2223 286 2254 omni
303 2223 429 2253 auxilio
441 2223 508 2253 sed.
558 2222 683 2254 Locum
695 2228 884 2264 corruptum
895 2223 940 2253 ila
955 2224 1090 2253 restituit
1100 2223 1136 2253 K
1137 2223 1241 2252 nebler
1255 2234 1261 2253 ε
1285 2222 1415 2261 Quibus
1427 2233 1524 2253 mons

198 2266 308 2306 saluti,
328 2276 396 2296 non
414 2267 521 2296 virtus
542 2267 603 2297 suit
619 2267 780 2305 subsidio,
800 2272 844 2297 ut.
869 2266 931 2296 nisi
952 2270 1004 2297 etc.
1022 2278 1028 2297 :
1052 2265 1230 2306 Nipperdey
1245 2267 1371 2306 scripsit
1394 2265 1524 2303 Quibus

199 2320 296 2340 rnons
314 2319 380 2339 non
399 2310 504 2340 virtus
521 2310 619 2340 saluti
637 2310 698 2340 suit
715 2310 874 2342 subsidio.
901 2309 1001 2348 Quod
1019 2309 1082 2339 nisi
1100 2313 1151 2340 etc.
1256 2319 1296 2339 22
1322 2318 1485 2339 cccxxnu
1501 2311 1524 2342 β

200 2364 241 2392 23
264 2353 367 2384 allata
382 2354 405 2387 β
518 2353 567 2383 Ita
585 2377 591 2383 .
613 2377 618 2383 .
641 2376 647 2383 .
666 2354 761 2384 litata
777 2364 841 2383 om.
862 2353 896 2383 D
1044 2363 1082 2391 27
1110 2352 1191 2382 nulli
1216 2351 1354 2383 Morus:
1381 2352 1473 2382 nullo
1490 2350 1527 2380 X

200 2398 242 2427 28
265 2396 404 2428 distenti
416 2399 491 2437 post
505 2406 609 2435 opere
626 2396 699 2426 add.
720 2396 859 2427 Knebler
