1705 2729
586 159 821 196 INCERTI
853 159 1132 197 AVCTORIS

202 268 378 307 Caesaris
413 275 450 306 et
483 281 617 306 amore
652 269 827 319 Pompei,
864 269 974 307 cuius
1003 282 1149 308 nomen
1180 272 1345 308 multum
1376 277 1526 321 poterat

199 333 306 381 apud
335 345 400 370 eas
430 332 601 382 legiones
626 345 722 381 quas
752 334 806 370 M.
831 334 953 371 Varro
988 333 1219 372 obtinuerat.
1279 335 1356 372 Sed
1386 334 1425 372 id
1450 347 1527 384 qua

200 403 342 443 mente,
366 396 587 435 communis
608 404 688 435 erat
709 396 933 436 coniectura
953 413 958 435 :
989 404 1091 436 certe
1104 399 1180 436 hoc
1194 411 1284 448 prae
1300 412 1341 436 se
1357 399 1527 437 Thorius

163 469 180 500 3
201 461 347 498 ferebat
364 475 375 509 3
413 461 555 499 milites
581 462 683 499 adeo
706 462 937 508 fatebantur,
961 469 1002 499 ut
1024 463 1096 501 Cn.
1130 462 1293 512 Pompei
1320 476 1466 501 nomen
1488 463 1526 501 in

161 534 181 565 4
200 525 319 562 scutis
340 525 570 575 inscriptum
591 526 790 564 haberent.
851 528 1050 576 Frequens
1071 526 1290 576 legionibus
1311 535 1528 565 conventus
1548 541 1565 572 5

200 589 358 627 obviam
388 590 528 640 prodit,
560 604 689 640 neque
718 598 870 629 tantum
900 591 1069 629 virorum
1104 592 1173 629 sed
1212 591 1328 629 etiam
1360 599 1527 630 matrum

200 654 365 693 familias
381 668 427 694 ac
447 662 787 706 praetextatorum,
810 657 1118 706 deprecaturque
1140 669 1188 693 ne
1210 656 1339 694 hostili
1355 658 1527 695 adventu

201 720 430 758 Cordubam
460 719 698 770 diriperent:
742 734 834 758 nam
864 734 905 758 se
932 728 1066 758 contra
1098 720 1276 759 Cassium
1308 721 1528 760 consentire

199 797 290 821 cum
312 785 495 824 omnibus
511 800 521 832 ‚-
549 792 685 823 contra
706 786 914 824 Caesarem
934 798 984 822 ne
1000 786 1124 823 facere
1145 793 1374 835 cogerentur
1394 799 1512 824 orare.

124 857 180 897 59
254 850 407 886 Tantae
439 847 703 887 multitudinis
733 849 913 899 precibus
944 857 980 887 et
1010 849 1176 887 lacrimis
1207 850 1395 888 exercitus
1425 864 1529 889 com-
1550 864 1588 886 10

201 920 332 951 motus
362 927 452 952 cum
481 913 630 952 videret
659 915 710 952 ad
741 914 921 953 Cassium
952 916 1267 964 persequendum
1298 915 1394 953 nihil
1428 929 1528 966 opus

199 992 285 1017 esse
325 979 397 1018 Cn.
440 978 604 1029 Pompei
642 979 803 1018 nomine
842 987 880 1017 et
919 979 1107 1018 memoria
1145 987 1305 1030 tamque
1343 980 1528 1019 omnibus

201 1043 444 1083 Caesarianis
466 1058 584 1094 quam
603 1043 853 1094 Pompeianis
875 1043 1097 1094 Longinum
1120 1057 1204 1083 esse
1225 1044 1265 1082 in
1286 1044 1379 1084 odio
1399 1058 1528 1095 neque

200 1121 241 1146 se
261 1114 501 1145 conventum
522 1121 652 1158 neque
675 1110 729 1145 M.
755 1110 986 1146 Marcellum
1015 1116 1150 1147 contra
1172 1109 1348 1148 Caesaris
1369 1123 1526 1148 causam

199 1185 314 1222 posse
357 1175 581 1224 perducere,
627 1187 773 1212 nomen
818 1173 981 1223 Pompei
1024 1187 1070 1212 ex
1110 1173 1228 1212 scutis
1267 1175 1525 1222 detraxerunt,
1550 1188 1587 1219 15

202 1239 444 1285 Marcellum,
468 1238 535 1289 qui
556 1251 597 1277 se
615 1238 792 1278 Caesaris
813 1251 970 1276 causam
993 1239 1243 1277 defensurum
1261 1240 1524 1289 profitebatur,

199 1303 343 1341 ducem
373 1302 593 1342 asciverunt
622 1310 921 1353 praetoremque
949 1305 1193 1353 appellarunt
1221 1311 1258 1342 et
1288 1311 1527 1342 conventum

164 1382 179 1403 2
199 1367 273 1406 sibi
286 1367 547 1406 adiunxerunt
563 1375 765 1417 castraque
778 1369 829 1406 ad
844 1369 1071 1406 Cordubam
1085 1376 1309 1418 posuerunt.
1370 1369 1528 1408 Cassius

199 1445 247 1470 eo
267 1431 391 1470 biduo
417 1432 568 1471 circiter
589 1445 651 1471 1111
677 1432 782 1470 milia
803 1446 988 1482 passuum
1014 1446 1037 1470 a
1059 1434 1247 1472 Corduba
1266 1433 1361 1472 citra
1381 1435 1528 1472 flumen

200 1496 352 1535 Baetim
374 1496 413 1534 in
434 1497 570 1547 oppidi
591 1504 805 1547 conspectu
819 1498 908 1535 loco
928 1499 1081 1536 excelso
1097 1498 1188 1536 facit
1204 1506 1327 1536 castra
1345 1514 1354 1546 3
1384 1498 1527 1537 litteras
1549 1513 1588 1534 22>

197 1563 249 1600 ad
283 1574 412 1611 regem
452 1563 657 1612 Bogudem
690 1562 729 1599 in
766 1562 1051 1600 Mauretaniam
1086 1570 1124 1601 et
1158 1565 1212 1601 ad
1241 1565 1296 1601 M.
1332 1563 1528 1613 Lepidum

199 1627 475 1676 proconsulem
502 1626 542 1664 in
574 1626 809 1677 Hispaniam
841 1627 1057 1665 citeriorem
1088 1627 1216 1674 mittit,
1249 1628 1425 1667 subsidio
1455 1628 1528 1667 sibi

199 1690 501 1741 provinciaeque
523 1692 700 1731 Caesaris
727 1705 844 1730 causa
873 1705 991 1742 quam
1021 1692 1190 1742 primum
1220 1692 1378 1732 veniret.
1438 1695 1529 1743 Ipse

201 1755 332 1793 hostili
354 1757 475 1795 modo
496 1757 815 1796 Cordubensium
835 1771 947 1808 agros
967 1765 1101 1805 vastat,
1124 1757 1303 1796 aedificia
1322 1758 1507 1797 incendit.

125 1820 182 1857 60
257 1819 379 1858 Cuius
417 1820 470 1859 rei
509 1822 755 1861 deformitate
792 1830 910 1872 atque
948 1822 1178 1872 indignitate
1216 1822 1388 1873 legiones
1427 1836 1527 1873 quae
1549 1837 1587 1869 ²5

203 1886 434 1923 Marcellum
457 1885 530 1924 sibi
551 1888 694 1926 ducem
716 1896 899 1939 ceperant
925 1889 976 1927 ad
1000 1902 1091 1927 eum
1112 1895 1401 1935 concurrerunt,
1425 1895 1467 1926 ut
1487 1888 1527 1926 in

198 1949 323 1987 aciem
344 1951 603 1990 educerentur
633 1961 754 2000 orant,
777 1954 962 2005 priusque
989 1953 1228 2005 confligendi
1252 1952 1326 1991 sibi
1354 1961 1527 2003 potestas

199 2014 307 2052 fieret
328 2028 446 2064 quam
468 2030 558 2054 cum
572 2024 679 2056 tanta
692 2020 931 2058 contumelia
944 2020 1210 2058 nobilissimae
1227 2017 1527 2068 carissimaeque

198 2079 466 2128 possessiones
492 2083 811 2122 Cordubensium
838 2084 878 2122 in
905 2094 1119 2135 conspectu
1148 2098 1219 2124 suo
1249 2083 1403 2134 rapiniS,
1426 2084 1526 2122 ferro

164 2161 177 2180 ρ
199 2144 436 2194 flammaque
465 2155 798 2186 consumerentur.
859 2150 1069 2188 Marcellus
1099 2164 1189 2189 cum
1219 2149 1428 2200 confligere
1457 2148 1525 2186 mi·
1545 2163 1587 2194 30

198 2208 401 2246 serrimum
423 2217 584 2259 putaret,
608 2213 717 2261 quod
737 2221 774 2251 et
799 2213 954 2252 victoris
984 2222 1022 2253 et
1048 2215 1138 2254 victi
1169 2216 1448 2254 detrimentum
1474 2215 1526 2252 ad

198 2274 369 2312 eundem
392 2275 600 2314 Caesarem
621 2285 722 2316 esset
743 2279 1051 2318 redundaturum
1072 2294 1201 2331 neque
1217 2295 1309 2320 suae
1323 2281 1525 2331 potestatis

242 2385 262 2413 3
286 2376 431 2407 Thorius
449 2376 485 2406 X
572 2389 609 2408 21
639 2379 803 2417 Bogudem
826 2380 858 2410 U
924 2382 965 2412 ad
983 2386 1057 2412 ante
1073 2382 1116 2413 M.
1137 2383 1299 2423 Lepidum
1318 2385 1390 2417 add.
1410 2385 1455 2416 ed.
1470 2392 1521 2426 pr.

200 2428 240 2457 27
265 2425 362 2450 orant
380 2430 443 2451 om.
463 2423 486 2455 β
