1705 2729
463 141 536 177 DE
569 139 748 176 BELLO
779 138 954 176 CIVILI
987 138 1088 175 LIB.
1124 140 1187 175 Ill

169 250 241 300 ipsi
270 248 531 288 incommodis
561 248 638 287 suis
668 248 759 286 satis
784 255 912 286 essent
942 249 1192 286 documento.
1253 250 1344 287 Hoc
1365 261 1487 286 unum
1511 260 1525 292 ,-

168 327 252 353 esse
272 322 425 363 tempus
452 315 502 352 de
525 326 622 363 pace
645 312 797 362 agendi,
820 314 915 351 dum
940 312 1013 351 sibi
1034 320 1196 362 uterque
1216 314 1431 351 confideret
1452 320 1489 350 et

167 391 277 429 pares
310 379 429 416 ambo
460 378 706 427 viderentur3
750 377 780 415 si
815 390 906 416 vero
937 377 1044 415 alteri
1083 379 1243 427 paulum
1275 378 1396 416 modo
1430 377 1491 414 tri-

145 432 313 481 buisset
339 444 503 488 fortuna,
532 455 611 480 non
639 455 723 480 esse
753 454 912 479 usurum
943 441 1242 479 condicionibus
1272 440 1377 491 pacis
1399 454 1488 479 eum

129 521 146 553 5
166 507 232 558 qui
263 507 437 557 superior
464 506 668 553 videretur,
700 519 829 556 neque
859 508 940 544 fore
968 519 1094 555 aequa
1123 513 1230 555 parte
1259 513 1487 544 contentum

166 572 232 622 qui
272 585 312 610 se
350 570 483 609 omnia
520 571 744 609 habiturum
774 572 998 609 confideret.
1064 570 1331 609 Condiciones
1370 570 1487 620 pacis,
1511 578 1528 606 S

166 636 352 686 quoniam
378 643 493 674 antea
513 635 720 674 convenire
745 648 823 673 non
846 635 1073 685 potuissent,
1100 636 1252 673 Romae
1281 635 1331 672 ab
1354 642 1489 672 senatu

165 709 203 739 et
231 715 253 739 a
282 702 429 751 populo
458 700 537 750 peti
568 701 721 739 debere:
783 702 937 738 Interea
968 707 1005 738 et
1035 699 1088 738 rei
1118 699 1299 749 publicae
1329 706 1366 738 et
1398 699 1490 749 ipsis
1510 712 1528 743 9

164 767 317 815 placere
343 772 532 814 oportere,
555 764 586 802 si
613 772 776 814 uterque
804 765 842 802 in
865 764 1049 803 contione
1074 764 1203 802 statim
1225 763 1424 802 iuravisset
1449 776 1490 801 se

110 847 145 868 10
165 829 293 868 triduo
331 828 508 878 proximo
547 829 757 867 exercitum
797 829 1059 867 dimissurum.
1135 828 1335 878 Depositis
1373 829 1489 866 armis
1514 843 1550 864 10

164 893 392 943 auxiliisque
413 894 555 943 quibus
580 908 684 932 nunc
707 895 961 940 confiderent,
986 893 1205 932 necessario
1226 893 1361 943 populi
1383 907 1489 932 sena-

164 966 304 1007 tusque
325 957 469 996 iudicio
486 960 567 996 fore
588 966 797 1007 utrumque
819 965 1060 996 contentum.
1114 959 1227 996 Haec
1244 971 1322 1007 quo
1340 957 1488 996 facilius
1513 970 1544 990 Η

164 1022 354 1072 Pompeio
375 1023 528 1072 probari
549 1030 719 1072 possent,
737 1022 864 1060 omnis
887 1036 974 1061 suas
997 1022 1182 1061 terrestris
1205 1021 1488 1071 †urbiumque†

163 1087 294 1137 copias
315 1087 575 1125 dimissurum.

108 1162 142 1194 ¹5
216 1150 411 1189 Vibullius
432 1151 629 1201 expositus
651 1152 843 1201 Corcyrae
868 1165 948 1190 non
970 1151 1099 1189 minus
1121 1151 1382 1189 necessarium
1405 1165 1489 1189 esse
1510 1162 1544 1188 11

162 1215 392 1253 existimavit
422 1216 471 1253 de
500 1215 704 1265 repentino
733 1217 905 1254 adventu
936 1216 1112 1254 Caesaris
1144 1215 1377 1265 Pompeium
1408 1216 1489 1254 fieri

162 1280 375 1327 certiorem,
402 1280 457 1318 uti
483 1281 533 1318 acl
560 1280 600 1319 id
622 1280 828 1319 consilium
855 1294 992 1331 capere
1017 1287 1149 1330 posset
1175 1287 1267 1319 ante
1291 1294 1409 1330 quam
1440 1282 1489 1319 de

163 1344 356 1383 mandatis
376 1344 437 1395 agi
459 1345 702 1396 inciperetur,
726 1353 844 1395 atque
866 1345 955 1384 ideo
973 1345 1203 1383 continuato
1223 1352 1339 1383 nocte
1359 1358 1404 1383 ac
1425 1345 1489 1384 die

161 1409 296 1448 itinere
330 1417 447 1460 atque
479 1410 664 1449 omnibus
700 1410 856 1460 oppidis
889 1410 1046 1448 mutatis
1077 1412 1128 1449 ad
1163 1410 1399 1449 celeritatem
1436 1410 1489 1448 iu—

104 1486 141 1508 20
161 1474 301 1513 mentis
321 1476 371 1513 ad
394 1475 627 1525 Pompeium
649 1475 864 1522 contendit,
888 1484 928 1514 ut
949 1477 1087 1514 adesse
1109 1476 1316 1515 Caesarem
1338 1475 1488 1513 nuntia-

160 1547 225 1578 ret.
286 1539 496 1589 Pompeius
535 1548 615 1578 erat
650 1554 697 1579 eo
729 1548 905 1590 tempore
939 1540 978 1578 in
1014 1540 1215 1579 Candavia
1254 1540 1403 1590 iterque
1442 1554 1487 1577 cx
1509 1556 1523 1576 2

161 1603 398 1642 Macedonia
418 1603 457 1641 in
479 1604 641 1643 hiberna
662 1604 914 1654 Apolloniam
938 1605 1276 1654 Dyrrachiumque
1303 1605 1483 1642 habebat.

160 1669 237 1706 Sed
272 1682 310 1706 re
341 1681 442 1706 nova
472 1669 718 1718 perturbatus
754 1668 966 1707 maioribus
1001 1669 1203 1708 itineribus
1234 1668 1486 1719 Apolloniam

160 1740 290 1781 petere
311 1732 449 1782 coepit,
474 1747 523 1771 ne
544 1734 688 1772 Caesar
708 1747 798 1772 orae
826 1734 1041 1772 maritimae
1066 1734 1239 1773 civitates
1264 1742 1482 1783 occuparet.

103 1808 140 1839 25
161 1798 212 1834 At
242 1796 305 1834 ille
334 1797 516 1847 expositis
548 1798 734 1836 militibus
765 1800 906 1837 eodem
936 1798 1000 1837 die
1025 1799 1186 1837 Oricum
1216 1798 1482 1849 proficiscitur.
1507 1810 1524 1840 3

161 1862 253 1909 Quo
280 1874 368 1899 cum
396 1862 573 1908 venisset,
600 1864 640 1900 L.
664 1864 898 1913 Torquatus,
922 1863 988 1912 qui
1015 1863 1121 1902 iussu
1152 1863 1315 1913 Pompei
1336 1863 1485 1912 oppido

159 1933 330 1975 praeerat
362 1925 677 1977 praesidiumque
712 1927 765 1965 ibi
798 1927 1071 1966 Parthinorum
1107 1928 1288 1975 habebat,
1320 1934 1484 1966 conatus

157 1989 276 2039 portis
315 1990 454 2028 clausis
492 1990 683 2040 oppidum
723 1992 944 2038 defendere,
987 2006 1076 2031 cum
1117 1994 1289 2031 Graecos
1328 2005 1522 2035 murum4

156 2055 367 2092 ascendere
395 2062 512 2104 atque
541 2069 648 2093 arma
678 2069 815 2105 capere
845 2056 1006 2102 iuberet,
1040 2056 1093 2095 illi
1124 2064 1255 2095 autem
1287 2070 1327 2095 se
1348 2064 1483 2095 contra

199 2158 219 2186 8
243 2163 275 2188 et
293 2158 338 2187 rei
357 2168 387 2197 p.
406 2157 461 2187 X:
487 2169 505 2189 e
523 2169 558 2189 rc
576 2159 710 2198 publica
728 2169 804 2190 esse
824 2160 1014 2200 Hoffmann
1152 2171 1189 2199 13
1215 2161 1412 2200 urbiumque
1430 2160 1484 2192 X:

159 2200 278 2239 ubique
299 2200 441 2240 Woeffl
566 2213 602 2241 14
628 2203 807 2233 dimissuri]
824 2202 931 2233 ELF:
958 2203 1137 2234 dimissura
1156 2214 1184 2242 s3
1201 2203 1235 2233 D
1251 2216 1258 2235 :
1284 2205 1482 2235 dimissurus

161 2243 235 2273 UT'
370 2254 406 2282 15
431 2246 606 2284 expositus
623 2245 779 2286 Madmg:
806 2247 858 2277 his
877 2247 1040 2286 expositis
1056 2247 1092 2277 X
1212 2249 1250 2277 18
1276 2248 1483 2287 inciperetur

156 2286 351 2326 Nipperdey:
390 2288 553 2327 inciperet
581 2288 618 2318 X
770 2290 845 2320 ideo
872 2301 908 2321 r:
944 2291 1052 2321 eidem
1079 2293 1101 2325 β
1285 2301 1323 2329 19
1348 2291 1482 2330 oppidis

158 2329 307 2369 Lipsius:
349 2331 454 2370 copiis
485 2331 523 2360 X
660 2343 700 2362 20
725 2338 759 2364 ut
791 2333 871 2364 EV:
906 2338 939 2363 et
971 2338 1035 2365 cett.
1179 2344 1217 2372 27
1245 2334 1479 2364 Parthinorum

158 2373 355 2404 Beroaldus:
383 2374 592 2405 Partinorurn
611 2375 647 2404 X
