1705 2729
605 108 648 144 C.
684 107 798 143 IVLI
831 108 1100 145 CAESARIS

190 231 385 268 egressum
417 219 485 256 sed
517 218 571 255 uti
599 231 639 256 se
665 231 687 256 a
715 218 962 256 contumeliis
993 218 1240 257 inimicorum
1272 221 1512 267 defenderet,

190 289 231 320 ut
264 281 439 320 tribunos
475 281 600 331 plebis
636 281 673 319 in
707 295 752 319 ca
786 296 824 320 re
856 296 901 320 ex
933 282 1087 320 civitate
1119 284 1301 332 expulsos
1332 284 1371 322 in
1403 298 1512 323 suam

189 346 419 396 dignitatem
441 346 669 392 restitueret,
692 354 733 383 ut
759 359 799 384 se
820 354 857 384 et
879 348 1068 396 populum
1092 348 1319 385 Romanum
1345 349 1514 388 factione

149 421 168 453 6
189 424 404 461 paucorum
431 424 663 460 oppressum
694 410 732 448 in
757 410 974 449 libertatem
1000 411 1224 450 vindicaret.
1285 412 1408 452 Cuius
1435 427 1515 452 ora-

189 475 295 514 tione
334 476 586 513 confirmatus
623 476 812 513 Lentulus
848 483 889 513 ut
924 475 963 512 in
997 475 1188 525 oppidum
1229 477 1366 515 reverti
1400 477 1551 521 liceat5

188 541 310 590 petit:
342 541 449 590 quod
478 541 527 578 de
559 553 628 578 sua
655 541 779 578 salute
809 539 1071 590 impetraverit
1101 542 1181 579 sore
1209 541 1326 579 etiam
1357 542 1513 592 reliquis

187 606 238 644 ad
270 618 380 643 suam
415 618 525 654 spem
560 604 706 642 solacio
724 618 734 651 ,·
774 605 875 642 adeo
907 618 991 642 esse
1024 604 1245 654 perterritos
1275 619 1355 644 non
1385 607 1513 645 nullos

189 678 229 708 ut
260 683 352 708 suae
382 669 482 707 vitae
513 669 645 708 durius
676 670 879 708 consulere
909 677 1106 719 cogantur.
1169 672 1286 709 Facta
1321 678 1514 721 potestate

187 734 363 773 discedit.

118 787 169 847 23
244 800 398 845 Caesar,
422 799 489 837 ubi
517 798 622 845 luxit,
646 798 773 837 omnis
802 806 999 837 senatores
1028 807 1333 850 senatorumque
1358 800 1512 847 liberos,
1536 812 1576 834 10

189 863 365 901 tribunos
395 863 562 901 militum
588 863 819 913 equitesque
842 866 1046 902 Romanos
1066 866 1117 902 ad
1139 878 1180 903 se
1201 865 1365 914 produci
1393 865 1510 903 iubet.

92 967 97 971 ,
153 943 167 963 2
191 929 311 965 Erant
342 928 516 977 quinque
546 928 728 966 senatorii
759 928 917 975 ordinis,
948 930 990 966 L.
1021 929 1229 975 Domitius,
1259 931 1298 967 P.
1324 930 1513 967 Lentulus

189 993 382 1043 Spinther,
414 995 455 1030 L.
494 993 687 1032 Caecilius
724 995 861 1040 Rufus,
892 995 975 1032 Sex.
1001 993 1214 1042 Quintilius
1244 996 1369 1032 Varus
1400 1008 1514 1044 quae-

189 1065 278 1104 stor,
303 1059 344 1095 L.
370 1057 568 1105 Rubrius,
597 1065 795 1107 praeterea
823 1058 922 1096 filius
946 1058 1097 1096 Domiti
1118 1058 1262 1107 aliique
1292 1060 1513 1109 complures

188 1123 459 1161 adulescentes
490 1130 528 1160 et
558 1135 722 1171 magnus
753 1135 937 1160 numerus
965 1122 1141 1171 equitum
1172 1124 1443 1161 Romanorum
1475 1131 1513 1161 et
1536 1133 1574 1165 15

153 1200 170 1230 3
189 1187 458 1232 decurionum,
481 1199 580 1236 quos
601 1200 647 1224 ex
668 1185 890 1235 municipiis
914 1186 1111 1224 Domitius
1133 1195 1370 1226 evocaverat.
1424 1189 1513 1226 Hos

189 1251 318 1289 omnis
342 1252 555 1300 productos
575 1263 597 1288 a
622 1250 869 1288 contumeliis
898 1250 1064 1288 militum
1092 1251 1358 1301 conviciisque
1387 1251 1514 1302 prohi-

188 1316 254 1353 bet
271 1330 279 1362 ς
319 1328 445 1365 pauca
477 1315 583 1364 apud
615 1327 681 1352 eos
716 1314 896 1364 loquitur,
930 1316 1037 1364 quod
1069 1315 1143 1353 sibi
1176 1329 1199 1354 a
1230 1324 1338 1366 parte
1378 1330 1513 1355 eorum

188 1379 309 1430 gratia
340 1381 459 1417 relata
490 1392 570 1417 non
602 1379 649 1416 sit
683 1392 753 1428 pro
788 1378 866 1416 suis
898 1379 936 1416 in
971 1393 1038 1418 eos
1074 1380 1251 1418 maximis
1285 1381 1486 1420 beneficiis
1504 1396 1514 1428 ;

151 1457 171 1487 4
189 1444 350 1484 dimittit
380 1444 507 1483 omnis
538 1444 755 1482 incolumis.
818 1446 888 1483 HS
917 1456 981 1491 Lx,
1008 1447 1116 1495 quod
1146 1447 1353 1485 advexerat
1380 1446 1515 1485 Domi·
1535 1456 1576 1479 20

189 1510 263 1548 tius
293 1518 411 1559 atque
442 1510 481 1547 in
508 1509 668 1560 publico
693 1510 937 1559 deposuerat,
961 1512 1121 1548 allatum
1146 1513 1197 1550 ad
1218 1525 1259 1550 se
1285 1513 1335 1550 ab
1359 1511 1514 1549 1111viris

190 1575 500 1614 Corfiniensibus
524 1574 701 1613 Domitio
723 1574 861 1621 reddit,
878 1589 928 1614 ne
950 1575 1214 1615 continentior
1234 1577 1274 1615 in
1294 1576 1372 1615 vita
1392 1576 1515 1615 homi-

190 1654 284 1678 num
315 1653 432 1690 quam
463 1639 502 1677 in
532 1639 700 1690 pecunia
730 1640 847 1678 fuisse
875 1640 1062 1689 videatur,
1086 1641 1157 1680 etsi
1190 1655 1277 1680 eam
1306 1641 1514 1692 pecuniam

189 1704 387 1755 publicam
423 1718 507 1743 esse
541 1705 747 1743 constabat
782 1706 994 1756 datamque
1024 1720 1047 1744 a
1077 1706 1269 1756 Pompeio
1302 1706 1342 1744 in
1374 1705 1515 1755 stipen-

151 1781 168 1812 5
189 1770 308 1808 dium.
376 1769 523 1807 Milites
560 1770 810 1808 Domitianos
845 1779 1132 1809 sacramentum
1170 1772 1278 1820 apud
1298 1758 1352 1809 ,se
1385 1770 1515 1809 dicere
1537 1781 1575 1813 25

189 1834 297 1872 iubet
331 1842 448 1884 atque
480 1847 527 1872 eo
559 1834 623 1873 die
662 1843 786 1873 castra
826 1844 957 1875 movet
998 1836 1224 1886 iustumque
1258 1835 1330 1874 iter
1358 1835 1515 1874 conficit

190 1911 246 1936 vu
283 1899 446 1937 omnino
485 1899 568 1937 dies
602 1901 654 1938 ad
690 1900 908 1940 Corfinium
948 1908 1225 1947 commoratus,
1259 1908 1297 1938 et
1330 1913 1398 1950 per
1428 1900 1515 1937 finis

192 1963 517 2010 Marrucinorum,
551 1967 846 2012 Frentanorum,
879 1965 1120 2004 Larinatium
1150 1965 1190 2003 in
1220 1965 1404 2014 Apuliam
1434 1978 1516 2014 per-

190 2028 305 2066 venit.

120 2109 171 2146 24
247 2095 458 2144 Pompeius
491 2095 550 2133 his
582 2096 698 2134 rebus
730 2095 895 2145 cognitis
936 2108 1037 2144 quae
1069 2101 1177 2133 erant
1210 2095 1261 2132 ad
1296 2093 1514 2133 Corfinium
1537 2102 1577 2133 30

190 2166 320 2208 gestae
351 2160 515 2198 Luceria
543 2160 800 2210 proficiscitur
830 2160 1046 2199 Canusium
1084 2167 1202 2209 atque
1231 2158 1324 2197 inde
1353 2158 1517 2196 Brundi—

236 2274 255 2293 2
280 2263 312 2293 in
330 2273 368 2293 ea
386 2273 421 2293 re
439 2262 492 2292 X:
518 2264 551 2293 in
569 2273 629 2294 sua
646 2274 682 2293 re
699 2263 746 2294 l²:
772 2263 891 2293 iniuria
910 2263 1041 2302 Lipsius
1162 2272 1200 2292 10
1223 2262 1331 2291 illuxit
1348 2261 1361 2290 Ι
1477 2270 1516 2290 12

192 2308 340 2345 quinque
359 2308 520 2337 senatorii
539 2307 668 2336 ordinis
685 2307 826 2336 Davies:
850 2307 1093 2345 quinquaginta
1112 2306 1250 2335 ordines
1268 2304 1305 2333 X
1478 2305 1516 2333 18

193 2361 211 2379 a
231 2356 324 2389 parte
347 2350 570 2380 Vascosanus:
596 2355 674 2388 apte
693 2350 765 2383 Ee:
791 2355 908 2388 aperte
926 2349 959 2379 D
1105 2359 1143 2378 21
1173 2349 1308 2378 nnviris
1326 2347 1514 2377 lllommsen

194 2393 314 2433 lapides
330 2397 472 2424 serulus:
501 2394 538 2423 iis
558 2394 625 2431 <his
642 2392 718 2433 Εἶτ’),
737 2394 817 2423 viris
835 2392 872 2422 X
970 2403 1008 2431 24
1028 2402 1103 2422 esse
1121 2393 1288 2430 publicam
1310 2391 1343 2421 U
