1705 2729
626 144 861 182 INCERTI
893 144 1174 183 AVCTORIS

239 254 394 291 derecta
433 254 516 292 acie
555 267 699 292 cornua
739 254 848 292 trinis
888 255 1140 293 firmabantur
1175 236 1382 304 subsidiis:
1425 259 1562 296 eadem

238 317 387 356 ratione
408 319 504 357 haec
535 318 665 357 media
691 320 986 357 collocabantur
1011 319 1094 357 acie
1124 320 1280 358 duobus
1313 322 1446 359 dextra
1476 322 1564 359 sini-

201 394 217 426 5
238 389 392 432 straque
414 383 622 421 intervallis
643 383 886 432 simplicibus
908 383 1111 422 ordinibus
1132 383 1338 423 instructis.
1399 385 1562 424 Perfecit

237 445 437 495 inceptum
458 455 671 486 castrorum
686 461 785 497 opus
808 447 1006 486 Domitius
1027 455 1135 498 parte
1151 448 1351 498 copiarum
1372 462 1441 499 pro
1462 451 1563 488 vallo

236 510 458 549 constituta.
1583 525 1600 555 5

166 566 215 613 38
291 575 471 613 Proxima
500 583 616 614 nocte
647 577 867 614 Pharnaces
902 576 1126 625 interceptis
1161 576 1379 623 tabellariis,
1413 577 1480 627 qui
1512 579 1562 617 de

235 639 509 678 Alexandrinis
530 641 646 678 rebus
667 640 811 678 litteras
832 642 883 679 ad
906 640 1126 679 Domitium
1151 642 1337 688 ferebant,
1360 642 1561 692 cognoscit

236 703 443 742 Caesarem
465 718 608 754 magno
635 704 675 742 in
699 704 873 754 periculo
894 705 1035 743 versari
1056 704 1296 755 flagitarique
1316 706 1366 744 ab
1384 706 1561 745 Domitio

235 774 277 805 ut
298 781 416 817 quam
437 768 607 818 primum
630 769 787 808 Caesari
812 768 987 807 subsidia
1016 769 1185 807 mitteret
1215 769 1454 820 propiusque
1478 770 1560 820 ipse

200 847 213 867 2
236 833 521 871 Alexandream
544 846 613 882 per
640 833 788 882 Syriam
817 834 1031 871 accederet.
1091 834 1181 882 Qua
1201 833 1357 883 cognita
1376 848 1415 872 re
1446 835 1561 873 Phar·
1581 853 1621 875 10

234 909 350 934 naces
370 896 554 935 victoriae
574 898 663 935 loco
684 898 865 943 ducebat,
889 897 919 934 si
946 899 1096 935 trahere
1123 904 1277 947 tempus
1304 906 1446 947 posset,
1469 912 1559 936 cum

197 975 213 1003 3
233 960 519 999 discedendum
542 961 721 999 Domitio
742 961 916 999 celeriter
944 969 1106 1011 putaret.
1168 963 1307 1011 Itaque
1327 962 1377 1000 ab
1398 962 1558 1012 oppido,

232 1037 309 1073 qua
342 1025 571 1063 facillimum
600 1038 803 1064 accessum
833 1032 871 1063 et
900 1025 1180 1075 aequissimum
1209 1027 1260 1064 ad
1289 1025 1559 1065 dimicandum

231 1089 372 1127 nostris
402 1089 572 1137 videbat,
604 1091 726 1128 fossas
756 1091 855 1128 duas
883 1091 1059 1128 derectas
1088 1104 1169 1129 non
1189 1091 1243 1128 ita
1263 1104 1406 1141 magno
1426 1091 1559 1130 medio

231 1152 433 1192 intervallo
476 1154 611 1193 relicto
656 1166 717 1192 1111
762 1155 909 1204 pedum
954 1154 1170 1193 altitudinis
1210 1155 1250 1193 in
1294 1168 1383 1193 eum
1426 1156 1557 1193 locum
1580 1172 1617 1204 15

231 1218 392 1256 deduxit
413 1232 492 1268 quo
514 1218 666 1269 longius
687 1218 941 1257 constituerat
955 1232 1065 1257 suam
1082 1232 1162 1258 non
1183 1220 1398 1269 producere
1418 1219 1554 1258 aciem.

191 1294 212 1325 4
232 1284 339 1321 Inter
359 1284 428 1321 has
449 1285 571 1321 fossas
600 1283 725 1322 aciem
747 1297 900 1334 semper
929 1283 1154 1331 instruebat,
1181 1284 1398 1334 equitatum
1425 1292 1556 1323 autem

230 1361 389 1386 omnem
420 1348 470 1386 ab
499 1347 684 1386 lateribus
714 1355 819 1386 extra
853 1349 997 1387 fossam
1033 1350 1251 1387 collocabat
1269 1364 1278 1396 3
1326 1349 1392 1399 qui
1427 1362 1556 1399 neque

229 1412 337 1450 aliter
357 1411 461 1450 utilis
482 1425 566 1450 esse
582 1420 733 1462 poterat
753 1420 791 1450 et
812 1414 978 1451 multum
1000 1426 1163 1452 numero
1183 1413 1357 1452 anteibat
1378 1420 1554 1452 nostrum

229 1476 457 1526 equitatum.
1575 1484 1618 1507 20

157 1552 210 1589 39
286 1540 484 1579 Domitius
505 1548 647 1588 autem,
671 1554 760 1579 cum
793 1541 970 1580 Caesaris
996 1541 1116 1592 magis
1146 1542 1320 1592 periculo
1343 1555 1462 1592 quarn
1483 1556 1555 1582 suo

229 1613 542 1644 commoveretur
558 1619 687 1655 neque
704 1619 744 1644 se
761 1613 845 1644 tuto
859 1606 1122 1644 discessurum
1139 1606 1396 1654 arbitraretur,
1417 1607 1447 1645 si
1464 1620 1555 1646 con-

227 1669 403 1708 diciones
438 1683 534 1719 quas
568 1669 751 1708 reiecerat
782 1683 911 1708 rursus
942 1678 1142 1720 appeteret
1175 1679 1242 1709 aut
1275 1671 1383 1710 †sine
1413 1676 1554 1712 causa†

226 1733 455 1781 discederet,
479 1748 525 1772 ex
545 1734 776 1784 propinquis
797 1734 930 1772 castris
952 1735 991 1772 in
1013 1735 1137 1773 aciem
1160 1735 1372 1774 exercitum
1393 1736 1526 1774 eduxit
1543 1751 1553 1784 3

191 1814 203 1832 2
226 1810 369 1835 xxxvl.
406 1797 600 1848 legionem
631 1798 670 1835 in
700 1799 836 1836 dextro
868 1812 989 1837 cornu
1021 1799 1238 1846 collocavit,
1276 1799 1481 1838 Ponticam
1512 1799 1552 1838 in
1573 1815 1612 1847 25

226 1862 390 1909 sinistro,
416 1862 591 1900 Deiotari
612 1862 784 1913 legiones
806 1863 845 1900 in
871 1863 1042 1902 mediam
1063 1863 1189 1902 aciem
1209 1864 1385 1911 contulit,
1409 1863 1552 1914 quibus

225 1934 356 1964 tamen
394 1926 713 1976 angustissimum
748 1927 993 1966 intervallum
1026 1927 1162 1965 frontis
1201 1927 1355 1977 reliquit
1393 1927 1551 1978 reliquis

224 1990 450 2029 cohortibus
481 1991 521 2028 in
553 1991 737 2030 subsidiis
776 1991 986 2030 collocatis.
1046 1991 1109 2029 Sic
1148 1991 1342 2041 utrimque
1381 1992 1463 2030 acie
1497 1992 1551 2029 in-

223 2062 367 2093 structa
395 2068 622 2105 processum
652 2063 710 2094 est
739 2057 789 2094 ad
819 2055 1099 2094 dimicandum.

148 2129 202 2166 40
277 2119 396 2169 Signo
435 2121 508 2158 sub
540 2119 645 2158 idem
685 2127 839 2169 tempus
871 2120 921 2158 ab
960 2128 1125 2169 utroque
1156 2121 1249 2158 dato
1281 2120 1609 2171 concurritur230

221 2184 358 2222 acriter
387 2184 568 2234 varieque
597 2192 800 2234 pugnatur.
861 2186 963 2222 Nam
994 2196 1138 2221 xxxvl.
1175 2184 1286 2234 legio,
1322 2197 1413 2222 cum
1443 2193 1548 2224 extra

220 2249 364 2287 fossam
394 2248 433 2285 in
464 2248 614 2298 equites
646 2248 744 2298 regis
774 2248 964 2298 impetum
999 2247 1162 2294 fecisset,
1194 2249 1295 2286 adeo
1327 2250 1545 2288 secundum

263 2363 281 2391 5
306 2352 488 2382 constituta
505 2352 700 2392 szpezdey:
727 2352 880 2383 instituta
896 2351 934 2381 X
1091 2362 1131 2391 23
1156 2352 1184 2382 si
1208 2352 1339 2391 negatis
1356 2351 1546 2392 Hoffmann

219 2396 260 2425 28
284 2396 316 2425 in
336 2395 495 2426 subsidiis
513 2395 576 2426 cod.
597 2395 722 2426 Norm'r.
741 2408 746 2425 :
774 2396 806 2425 in
825 2396 954 2425 insidiis
971 2395 1076 2425 D'L':
1103 2395 1238 2425 insidiis
1260 2395 1295 2424 T‘
