1705 2729
148 496 164 526 5

128 824 165 846 10

127 1138 163 1170 15

125 1463 162 1484 20

121 1787 158 1818 25

119 2107 159 2138 30

497 113 570 149 DE
603 111 782 148 BELLO
813 111 990 148 CIVILI
1023 111 1123 147 LIB.
1159 111 1198 146 ΙΙ

188 224 317 273 ignem
344 222 527 272 operibus
555 222 734 260 inferunt.
797 223 918 259 Hunc
939 220 993 258 sic
1018 220 1166 259 distulit
1193 228 1331 258 ventus
1353 221 1407 259 uti
1428 235 1508 259 uno
1531 238 1545 258 2

187 297 362 338 tempore
398 300 524 337 agger,
559 286 691 336 plutei,
728 286 896 331 testudo,
929 285 1052 332 turris,
1086 292 1280 322 tormenta
1309 286 1507 323 flammam

186 353 438 402 conciperent
477 359 515 390 et
562 351 666 401 prius
709 352 806 389 haec
844 350 978 388 omnia
1017 356 1342 388 consumerentur
1389 363 1507 398 quam

186 430 303 467 quem
338 418 388 455 ad
422 417 587 455 modum
626 415 833 454 accidisset
873 414 1129 453 animadverti
1169 421 1311 463 posset.
1375 414 1508 452 Nostri
1531 427 1547 457 3

185 481 388 531 repentina
421 482 577 519 fortuna
619 479 786 530 permoti
825 492 932 517 arma
966 492 1067 528 quae
1104 486 1269 528 possunt
1307 477 1505 527 arripiunt,

183 547 247 586 alii
277 560 323 584 ex
352 545 484 584 castris
515 558 599 583 sese
628 544 801 582 incitant.
862 543 923 581 Fit
952 543 991 581 in
1021 543 1143 581 hostis
1168 543 1337 592 impetus
1358 555 1504 588 eorum,

184 614 253 651 sed
279 613 322 650 de
348 625 460 650 muro
481 610 627 660 sagittis
652 609 934 659 tormentisque
961 608 1142 658 fugientis
1168 608 1347 658 persequi
1383 607 1509 656 prohi-

184 678 334 715 bentur.
408 676 471 715 Illi
511 676 583 714 sub
618 689 771 713 murum
810 689 851 713 se
886 674 1077 723 recipiunt
1115 673 1248 723 ibique
1286 673 1546 719 musculum4

184 742 397 792 turrimque
444 740 656 779 latericiam
704 739 824 778 libere
875 739 1101 777 incendunt.
1190 740 1250 776 Ita
1294 739 1506 776 multorum

184 820 364 845 mensum
395 807 506 845 labor
544 805 716 845 hostium
748 804 910 854 perfidia
944 812 981 843 et
1012 804 1049 841 vi
1087 803 1328 853 tempestatis
1358 810 1506 852 puncto

183 871 369 921 temporis
404 870 557 909 interiit.
635 872 943 919 Temptaverunt
981 870 1057 907 hoc
1097 868 1203 907 idem
1240 868 1506 906 Massilienses
1529 881 1545 911 5

182 943 340 985 postero
387 935 461 974 die.
540 935 721 973 Eandem
762 933 865 972 nacti
908 940 1181 982 tempestatem
1226 932 1372 970 maiore
1415 946 1505 970 cum

183 1000 327 1039 fiducia
355 1002 405 1039 ad
434 1002 594 1039 alteram
625 999 758 1037 turrim
789 1011 1049 1048 aggeremque
1079 996 1283 1047 eruptione
1313 1010 1506 1046 pugnave-

183 1072 271 1103 runt
314 1066 560 1114 multumque
605 1063 733 1113 ignem
784 1063 1006 1101 intulerunt.
1085 1063 1162 1100 Sed
1215 1068 1255 1099 ut
1298 1061 1544 1110 superioris6

183 1129 368 1179 temporis
384 1128 679 1167 contentionem
702 1127 821 1165 nostri
838 1139 997 1165 omnem
1015 1125 1251 1172 remiserant,
1268 1125 1320 1163 ita
1340 1125 1505 1175 proximi

182 1193 259 1232 diei
308 1207 399 1232 casu
442 1192 635 1232 admoniti
683 1191 816 1230 omnia
858 1193 908 1230 ad
951 1190 1222 1230 defensionem
1266 1199 1502 1241 paraverant.

184 1259 322 1308 Itaque
352 1258 483 1296 multis
514 1257 724 1296 interfectis
765 1256 934 1306 reliquos
974 1255 1116 1295 infecta
1155 1269 1195 1294 re
1234 1255 1273 1293 in
1313 1255 1504 1305 oppidum

182 1325 442 1372 reppulerunt.

234 1387 455 1425 Trebonius
487 1399 533 1424 ea
564 1399 664 1436 quae
700 1393 788 1424 sunt
822 1384 964 1423 amissa
996 1385 1120 1423 multo
1155 1383 1300 1422 maiore
1335 1383 1503 1422 militum
1524 1388 1566 1427 15

180 1451 311 1489 studio
339 1450 610 1489 administrare
636 1458 673 1489 et
705 1451 862 1488 reficere
893 1448 1067 1486 instituit.
1147 1450 1249 1486 Nam
1280 1447 1347 1486 ubi
1375 1456 1503 1486 tantos

180 1528 271 1553 suos
291 1516 442 1553 labores
459 1522 497 1553 et
512 1522 719 1565 apparatus
741 1515 842 1552 male
863 1513 1050 1552 cecidisse
1064 1512 1243 1551 viderunt
1265 1512 1504 1562 indutiisque

180 1593 247 1629 per
278 1581 403 1618 scelus
432 1579 584 1618 violatis
615 1592 725 1617 suam
750 1579 930 1616 virtutem
958 1577 1082 1615 irrisui
1106 1579 1187 1615 fore
1211 1578 1502 1626 perdoluerunt,

179 1644 287 1692 quod
332 1645 438 1682 unde
478 1657 592 1693 agger
632 1642 795 1681 omnino
839 1641 1075 1691 comportari
1117 1648 1248 1690 posset
1287 1641 1383 1678 nihil
1425 1649 1504 1680 erat

179 1707 370 1757 reliquum
417 1707 601 1745 omnibus
643 1706 846 1745 arboribus
900 1708 1015 1755 longe
1070 1707 1225 1755 lateque
1277 1705 1315 1743 in
1360 1705 1503 1744 finibus

180 1772 485 1810 Massiliensium
519 1772 655 1810 excisis
690 1780 727 1810 et
760 1771 969 1817 convectis,
1009 1783 1188 1820 aggerem
1224 1770 1314 1808 novi
1353 1770 1503 1819 generis

177 1844 294 1886 atque
321 1836 541 1876 inauditum
569 1851 615 1875 ex
647 1835 825 1874 latericiis
853 1836 1010 1874 duobus
1039 1835 1157 1872 muris
1185 1848 1322 1872 senum
1356 1835 1502 1884 pedum

177 1900 432 1940 crassitudine
471 1908 590 1950 atque
633 1913 767 1939 eorum
807 1913 1006 1938 murorum
1043 1899 1336 1949 contignatione
1376 1900 1502 1937 facere

178 1965 425 2004 instituerunt
455 1978 581 2015 aequa
619 1967 698 2004 fere
737 1965 942 2004 latitudine
981 1972 1099 2015 atque
1139 1964 1203 2003 ille
1242 1963 1501 2013 congesticius

177 2042 223 2067 ex
249 2030 408 2068 materia
435 2032 557 2069 fuerat
583 2043 707 2080 agger.
769 2029 850 2069 Ubi
877 2037 943 2067 aut
970 2029 1139 2079 spatium
1165 2028 1263 2067 inter
1284 2041 1414 2066 muros
1435 2036 1500 2067 aut

177 2093 421 2133 imbecillitas
438 2095 621 2133 materiae
637 2095 834 2144 postulare
847 2094 1052 2140 videretur,
1069 2094 1169 2143 pilae
1186 2093 1498 2143 interponuntur,

177 2159 399 2197 traversaria
431 2159 536 2208 tigna
570 2158 782 2197 iniciuntur
811 2172 911 2209 quae
946 2160 1192 2196 firmamento
1221 2171 1305 2196 esse
1336 2157 1497 2207 possint,

220 2275 237 2302 7
262 2266 303 2295 de
320 2265 393 2296 add.
412 2265 602 2305 Hoffmann
707 2275 745 2295 10
770 2275 919 2295 mensum
937 2264 1032 2295 DL':
1059 2264 1222 2294 mensium
1241 2263 1360 2294 ET'L2'
1463 2274 1499 2302 13

178 2308 294 2338 turrim
326 2308 382 2338 T':
422 2314 547 2338 turrem
573 2312 635 2340 cett.
814 2317 851 2345 15
876 2308 1130 2338 contentionem
1162 2306 1312 2337 T'E2L2':
1349 2312 1495 2337 contem-

178 2351 324 2389 ptionem
345 2351 427 2381 D'L'
549 2362 587 2390 27
613 2352 867 2389 contignatione
890 2350 1087 2391 Nippenlfy:
1121 2351 1376 2387 contignatione
1394 2350 1429 2378 X
