1705 2729
334 149 407 185 DE
439 148 618 185 BELLO
649 149 1061 186 ALEXANDRINO
1094 150 1263 186 LIBER

140 256 254 295 docia
282 257 342 295 his
372 257 469 307 iugis
500 257 673 295 subiecta
708 271 887 307 magnam
921 266 1162 296 commeatus
1195 259 1348 307 copiam
1380 266 1459 296 erat

138 321 496 359 sumministratura.

193 386 415 435 Compluris
446 386 600 424 interim
639 386 851 436 legationes
891 388 1109 425 Pharnaces
1148 388 1198 425 ad
1238 387 1458 426 Domitium
1478 387 1531 432 36

139 449 256 488 mittit
296 463 396 499 quae
435 451 485 488 de
523 464 619 500 pace
661 458 818 500 agerent
856 451 1037 500 regiaque
1080 465 1242 489 munera
1282 451 1459 489 Domitio

103 523 120 554 5
138 515 289 552 ferrent.
350 517 408 552 Ea
435 522 659 553 constanter
688 515 821 553 omnia
848 516 1126 564 aspernabatur
1154 529 1228 553 nec
1257 516 1331 553 sibi
1356 516 1460 565 quic-
1482 534 1496 555 2

138 592 257 628 quam
290 579 372 616 fore
405 579 603 628 antiquius
631 592 751 628 quam
784 579 1014 628 dignitatem
1048 579 1183 629 populi
1216 579 1387 617 Romani
1423 587 1460 617 et

138 656 255 692 regna
283 642 479 681 sociorum
508 642 720 692 reciperare
748 643 883 692 legatis
912 644 1185 692 respondebat.
1246 644 1402 693 Magnis
1422 652 1460 681 et
1482 658 1498 687 3

138 706 335 744 continuis
355 707 558 745 itineribus
578 707 767 745 confectis
787 720 877 744 cum
902 708 1127 745 adventaret
1147 709 1198 745 ad
1220 708 1458 757 Nicopolim,

139 772 247 820 quod
267 771 458 820 oppidum
488 771 659 820 positum
689 770 730 808 in
756 771 943 809 Armenia
972 771 1121 809 minore
1150 779 1208 809 est
1237 774 1355 821 plano
1376 772 1461 821 ipso

83 852 121 873 10
139 836 237 881 loco,
260 835 460 873 montibus
481 842 613 872 tamen
633 835 718 872 altis
739 836 789 873 ab
805 836 960 873 duobus
981 836 1164 873 lateribus
1185 836 1348 874 obiectis
1370 837 1461 874 satis

140 913 282 948 magno
316 899 518 937 intervallo
549 900 599 937 ab
633 900 783 948 oppido
815 899 983 946 remotis,
1020 908 1144 938 castra
1178 901 1308 949 posuit
1346 903 1461 951 longe

138 977 162 1001 a
190 963 375 1013 Nicopoli
405 963 556 1001 circiter
583 963 690 1001 milia
719 977 904 1013 passuum
935 976 1003 1001 V11.
1064 964 1220 1012 Quibus
1251 978 1298 1002 ex
1327 966 1460 1003 castris
1480 981 1500 1011 4

139 1041 229 1065 cum
268 1029 377 1066 locus
415 1035 602 1077 angustus
640 1035 758 1077 atque
796 1027 1009 1077 impeditus
1046 1036 1148 1066 esset
1187 1031 1459 1077 transeundus,

140 1093 359 1130 Pharnaces
398 1091 440 1129 in
477 1091 629 1130 insidiis
669 1093 843 1130 delectos
886 1092 1039 1141 pedites
1081 1093 1289 1142 omnisque
1336 1107 1461 1143 paene

84 1169 119 1200 15
139 1156 332 1206 disposuit
373 1155 536 1206 equites,
576 1169 759 1205 magnam
798 1163 930 1194 autem
974 1156 1266 1195 multitudinem
1310 1158 1461 1207 pecoris

138 1220 237 1258 intra
256 1234 321 1259 eas
341 1222 472 1258 fauces
501 1219 680 1270 dissipari
704 1219 814 1257 iussit
838 1234 1089 1270 paganosque
1115 1228 1154 1259 et
1180 1222 1400 1271 oppidanos
1421 1223 1461 1260 in

138 1284 198 1322 his
217 1285 312 1323 locis
341 1284 548 1331 obversari,
580 1291 623 1322 ut
652 1283 732 1322 sive
760 1284 910 1322 amicus
942 1284 1140 1323 Domitius
1169 1299 1234 1323 eas
1263 1287 1460 1336 angustias
1481 1299 1497 1329 5

139 1348 325 1396 transiret,
358 1348 455 1386 nihil
493 1349 544 1386 de
581 1347 733 1386 insidiis
771 1348 1039 1397 suspicaretur,
1080 1363 1170 1387 cum
1209 1349 1249 1387 in
1287 1351 1385 1400 agris
1424 1359 1462 1389 et

139 1426 280 1463 pecora
317 1420 355 1451 et
392 1412 573 1451 homines
611 1412 788 1450 animum
826 1414 1042 1451 adverteret
1080 1413 1220 1451 versari
1260 1422 1461 1465 tamquam

83 1490 122 1511 20
139 1477 353 1516 amicorum
396 1478 579 1523 adventu,
625 1476 706 1514 sive
752 1476 934 1515 inimicus
977 1484 1019 1515 ut
1066 1477 1105 1515 in
1153 1478 1326 1516 hostium
1374 1479 1462 1517 finis

139 1541 296 1588 veniret,
324 1542 469 1591 praeda
497 1539 717 1590 diripienda
743 1540 895 1579 milites'
914 1541 1193 1591 dissiparentur
1218 1543 1462 1593 dispersique

139 1607 401 1644 caederentur.

194 1671 307 1708 Haec
327 1683 416 1707 cum
444 1669 741 1715 administraret,
773 1682 990 1719 numquam
1022 1677 1153 1709 tamen
1181 1671 1462 1710 intermittebat
1482 1675 1530 1714 37

139 1736 286 1784 legatos
302 1735 352 1772 de
365 1747 462 1784 pace
477 1741 595 1783 atque
611 1733 783 1772 amicitia
795 1734 947 1772 mittere
963 1735 1014 1773 ad
1029 1734 1262 1782 Domitium,
1278 1749 1369 1774 cum
1385 1737 1462 1774 hoc

82 1808 120 1840 25
139 1798 226 1848 ipso
246 1800 420 1837 crederet
435 1798 584 1836 facilius
598 1812 688 1836 eum
709 1798 838 1848 decipi
854 1812 979 1848 posse.
1020 1801 1073 1837 At
1094 1806 1229 1838 contra
1249 1813 1337 1850 spes
1354 1800 1461 1850 pacis
1483 1816 1498 1837 2

141 1862 318 1901 Domitio
334 1862 374 1900 in
395 1862 520 1901 isdem
541 1862 674 1900 castris
694 1862 873 1901 morandi
893 1862 1021 1901 attulit
1041 1877 1210 1901 causam.
1271 1866 1332 1902 Ita
1348 1866 1462 1902 Phar-

139 1940 265 1974 naces,
288 1927 430 1965 amissa
449 1926 614 1976 proximi
635 1926 820 1976 temporis
840 1927 1047 1965 occasione
1071 1941 1162 1965 cum
1189 1937 1383 1967 vereretur
1412 1943 1461 1967 ne

139 1998 465 2041 cognoscerentur
485 1990 658 2038 insidiae,
682 2004 772 2029 suos
793 1991 832 2028 in
853 1998 978 2029 castra
997 1991 1201 2030 revocavit.
1262 1993 1460 2031 Domitius
1480 2008 1498 2038 3

140 2064 295 2105 postero
329 2055 392 2095 die
423 2055 582 2105 propius
617 2055 841 2105 Nicopolim
875 2056 1039 2094 accessit
1072 2064 1275 2106 castraque
1313 2058 1461 2107 oppido

82 2133 124 2163 30
140 2120 313 2158 contulit.
373 2121 486 2169 Quae
515 2121 610 2159 dum
641 2121 822 2158 muniunt
851 2121 982 2167 nostri,
1013 2123 1231 2159 Pharnaces
1260 2121 1384 2159 aciem
1409 2122 1463 2159 in-

140 2185 275 2222 struxit
298 2198 369 2223 suo
399 2199 506 2224 more
532 2192 650 2235 atque
678 2185 866 2224 instituto.
928 2188 974 2223 In
1004 2187 1130 2224 fronte
1159 2186 1264 2224 enim
1295 2186 1461 2236 simplici
1479 2198 1500 2228 4

184 2300 205 2327 9
230 2289 337 2328 ipsum
353 2291 375 2324 β
482 2299 518 2328 17
539 2293 614 2329 post
628 2290 756 2320 amicus
774 2289 847 2322 add.
866 2290 938 2320 sive
956 2289 1108 2320 inimicus
1125 2288 1178 2320 X:
1205 2289 1264 2320 del.
1285 2289 1464 2329 Nipperdey

141 2342 183 2362 20
206 2333 361 2371 adventu,
381 2333 450 2363 sive
469 2333 624 2363 inimicus
640 2332 833 2372 Nipperdey:
859 2333 1024 2363 adventus
1041 2331 1079 2361 X
1173 2343 1212 2371 27
1238 2343 1312 2362 cum
1330 2342 1461 2362 verere-

142 2380 195 2404 tur
213 2375 274 2404 D':
300 2381 472 2406 vereretur
494 2376 537 2406 T:
562 2376 689 2406 veritus
708 2375 747 2405 L'
878 2385 920 2413 30
939 2379 1014 2415 post
1029 2374 1169 2406 contulit
1186 2375 1260 2406 add.
1283 2386 1341 2405 rex
1360 2377 1381 2409 β
