1705 2729
398 142 472 179 DE
504 141 683 179 BELLO
713 140 923 179 AFRICO
955 141 1125 177 LIBER

101 249 307 290 consilium
333 249 452 288 satius
482 263 566 288 esse
593 249 666 288 sibi
692 262 843 298 suoque
872 262 991 299 regno
1016 248 1192 288 subsidio
1219 249 1272 289 ire
1295 264 1424 301 quam,

100 316 195 354 dum
214 314 311 353 alios
331 314 533 353 adiuturus
553 313 871 365 proficisceretur,
895 313 977 363 ipse
1007 326 1078 351 suo
1105 327 1224 363 regno
1245 317 1427 364 expulsus

100 379 258 418 forsitan
301 386 464 429 utraque
503 392 543 417 re
582 380 846 428 expelleretur.
918 379 1057 428 Itaque
1094 391 1223 416 rursus
1258 379 1428 428 recipere
1449 395 1465 426 5

100 450 217 493 atque
239 442 379 481 auxilia
409 442 525 481 etiam
555 443 605 481 ab
626 441 809 492 Scipione
838 441 1001 480 abduxit
1031 441 1104 481 sibi
1134 442 1291 492 suisque
1312 444 1427 481 rebus

64 520 80 551 5
100 507 240 545 timens
274 506 570 557 elephantisque
603 518 692 545 XXX
724 505 865 545 relictis
900 506 978 545 suis
1017 507 1160 545 finibus
1192 507 1427 557 oppidisque

99 570 296 621 suppetias
325 572 520 621 profectus
549 578 617 609 est.

153 636 296 675 Caesar
315 635 478 682 interim,
496 649 585 673 cum
606 636 656 674 de
677 648 748 673 suo
769 636 940 674 adventu
962 636 1155 674 dubitatio
1171 636 1210 674 in
1227 637 1426 686 provincia
1446 636 1500 674 26

100 709 201 740 esset
220 715 348 751 neque
372 701 579 751 quisquam
605 702 780 739 crederet
809 701 937 751 ipsum
963 702 1032 739 sed
1056 701 1227 751 aliquem
1256 704 1425 752 legatum

101 765 141 804 in
174 765 345 804 Africam
379 778 469 803 cum
503 765 625 814 copiis
657 765 819 812 venisse,
854 765 1082 816 conscriptis
1117 766 1250 804 litteris
1281 766 1425 804 circum

46 847 84 869 10
102 829 341 881 provinciam
370 829 498 868 omnis
528 829 702 868 civitates
731 830 822 869 facit
851 831 901 868 de
931 843 1002 868 suo
1033 832 1204 869 adventu
1233 831 1424 870 certiores.

102 894 264 933 Interim
295 895 447 933 nobiles
480 894 660 933 homines
694 909 741 933 ex
774 895 853 933 suis
887 895 1042 945 oppidis
1080 897 1284 945 profugere
1317 903 1355 934 et
1389 896 1427 933 in
1451 911 1465 931 2

100 968 224 998 eastra
240 959 415 999 Caesaris
436 958 618 998 devenire
639 966 677 998 et
697 960 747 998 de
767 959 1074 998 adversariorum
1097 960 1178 998 eius
1199 960 1428 999 crudelitate

99 1024 388 1074 acerbitateque
420 1037 729 1062 commemorare
762 1031 986 1074 coeperunt.
1047 1025 1225 1073 Quorum
1260 1024 1427 1063 lacrimis
1449 1038 1466 1069 3

101 1089 346 1140 querelisque
377 1089 521 1128 Caesar
559 1095 790 1135 commotus,
828 1101 918 1126 cum
957 1095 1072 1126 antea
1110 1088 1374 1127 constituisset
1408 1102 1428 1127 e

46 1168 82 1201 ¹5
102 1153 248 1192 stativis
268 1153 401 1192 castris
427 1160 572 1192 aestate
601 1152 696 1191 inita
725 1152 875 1191 cunctis
905 1152 1027 1203 copiis
1047 1152 1276 1202 auxiliisque
1296 1152 1429 1191 accitis

101 1218 247 1256 bellum
269 1232 358 1257 cum
380 1217 458 1256 suis
478 1217 705 1257 adversariis
726 1231 856 1268 gerere
884 1248 890 1254 .
916 1249 921 1255 .
947 1249 953 1255 .
983 1217 1158 1264 instituit,
1182 1216 1428 1270 litteris[que]

100 1282 274 1321 celeriter
311 1283 350 1320 in
385 1282 554 1322 Siciliam
588 1283 639 1321 ad
668 1282 853 1321 Alienum
889 1290 927 1320 et
960 1281 1164 1320 Rabirium
1196 1283 1427 1320 Postumum

99 1346 327 1397 conscriptis
351 1355 389 1385 et
414 1361 481 1397 per
508 1354 760 1397 catascopum
790 1346 927 1393 missis,
951 1354 993 1384 ut
1017 1346 1100 1384 sine
1125 1358 1234 1385 mora
1253 1359 1298 1384 ac
1323 1347 1429 1384 nulla

100 1410 348 1450 excusatione
380 1411 519 1449 hiemis
548 1418 833 1461 ventorumque
862 1424 980 1461 quarn
1011 1410 1209 1449 celerrime
1239 1410 1428 1448 exercitus

44 1491 82 1514 20
101 1475 174 1514 sibi
205 1483 548 1526 transportaretur:
584 1475 757 1514 Africam
789 1473 1063 1527 [provinciam]
1094 1474 1218 1524 perire
1239 1475 1429 1513 funditus-

100 1554 177 1591 que
206 1541 324 1580 everti
347 1541 398 1579 ab
425 1540 504 1579 suis
531 1540 698 1579 inimicis
713 1555 723 1588 ‚-
752 1541 860 1590 quod
886 1539 959 1578 nisi
989 1539 1163 1578 celeriter
1188 1539 1302 1578 sociis
1330 1541 1427 1578 foret

99 1606 345 1653 subventum,
368 1613 518 1656 praeter
546 1605 671 1656 ipsam
692 1605 864 1643 Africam
896 1612 1035 1643 terram
1067 1604 1174 1651 nihil,
1205 1618 1254 1643 ne
1282 1612 1427 1643 tectum

98 1670 258 1720 quidem
291 1684 370 1721 quo
405 1684 445 1709 se
484 1670 711 1720 reciperent,
753 1671 803 1708 ab
842 1683 976 1708 eorum
1017 1671 1161 1708 scelere
1200 1669 1429 1719 insidiisque

98 1735 290 1785 reliquum
311 1736 492 1773 futurum.
553 1736 684 1784 Atque
709 1734 791 1784 ipse
819 1741 898 1772 erat
925 1734 965 1772 in
994 1741 1102 1772 tanta
1122 1733 1370 1772 festinatione
1391 1741 1429 1772 et
1449 1743 1467 1771 4

41 1815 77 1848 25
98 1799 386 1850 exspectatione
407 1806 448 1837 ut
469 1806 625 1850 postero
650 1799 713 1838 die
741 1812 859 1849 quarn
881 1798 1047 1837 misisset
1068 1798 1211 1837 litteras
1232 1798 1428 1837 nuntium-

97 1878 174 1914 que
203 1865 243 1902 in
272 1864 442 1903 Siciliam
472 1865 636 1903 classem
667 1863 959 1914 exercitumque
990 1863 1130 1902 morari
1160 1863 1318 1910 diceret,
1344 1863 1427 1902 dies

97 1936 312 1979 noctesque
341 1930 476 1968 oculos
508 1936 761 1978 mentemque
790 1929 841 1967 ad
871 1941 976 1967 mare
1006 1928 1216 1979 dispositos
1246 1927 1428 1966 directos-

97 2007 174 2044 que
212 1994 381 2033 haberet.
455 1995 540 2032 Nec
583 1993 750 2031 mirum:
800 1993 1135 2031 animadvertebat
1175 1992 1279 2031 enim
1319 1992 1464 2030 villas5

98 2058 212 2105 exuri,
235 2072 345 2109 agros
362 2058 510 2105 vastari,
529 2071 649 2108 pecus
670 2057 795 2108 diripi,
815 2058 1008 2104 trucidari,
1026 2057 1171 2108 oppida
1192 2059 1428 2107 castellaque

40 2138 79 2169 30
98 2123 197 2161 dirui
218 2123 431 2173 deserique,
455 2122 649 2173 principes
676 2122 877 2161 civitatum
904 2131 970 2161 aut
999 2122 1162 2161 interfici
1183 2131 1249 2161 aut
1270 2123 1308 2160 in
1330 2130 1428 2161 cate-

97 2187 157 2226 nis
190 2188 322 2235 teneri,
358 2188 501 2226 liberos
535 2201 669 2226 eorum
708 2187 893 2225 obsidum
929 2188 1089 2226 nomine
1129 2188 1167 2225 in
1204 2188 1427 2226 servitutem

142 2301 161 2329 3
185 2301 222 2321 se
241 2294 315 2331 post
330 2301 443 2321 rursus
460 2290 537 2321 add.
555 2290 626 2321 edd.
722 2292 761 2321 16
785 2290 949 2329 lacunam,
975 2301 995 2321 a
1016 2290 1194 2331 Nipperdey
1216 2295 1291 2331 post
1313 2292 1428 2322 accitis

99 2338 255 2371 notatam,
278 2338 352 2374 post
375 2345 492 2373 gerere
509 2334 609 2364 verbis
625 2333 735 2364 hieme
758 2344 877 2372 gerere
899 2335 999 2374 explet
1020 2334 1032 2363 Ι
1036 2334 1177 2373 Voelfflin
1268 2345 1334 2373 que
1365 2335 1423 2366 del.

97 2377 285 2417 Hoffmann
392 2387 428 2416 17
448 2381 522 2417 post
539 2377 686 2407 Siciliam
703 2377 777 2408 add.
800 2377 910 2407 missis
933 2377 962 2407 T
1064 2378 1102 2407 18
1127 2378 1252 2418 missis]
1281 2378 1380 2408 mittit
1403 2378 1432 2408 T

99 2430 141 2450 20
165 2419 371 2459 provinciam
389 2431 453 2450 om.
473 2419 516 2449 D'
639 2431 688 2459 '27
715 2421 886 2460 depositos
903 2420 992 2451 codd.
1012 2431 1072 2451 exc.
1092 2420 1120 2450 L
