1705 2729
449 142 521 178 DE
554 140 732 178 BELLO
764 140 940 177 GIVILI
974 140 1074 176 LIB.
1109 140 1172 176 III

152 252 301 290 circiter
320 252 410 297 duo,
434 263 533 299 quae
554 264 599 288 ex
620 249 877 288 beneficiariis
899 249 1140 298 superiorum
1163 249 1401 287 exercituum
1423 251 1473 287 ad

151 329 239 354 eum
279 322 563 361 convenerant3
611 327 711 363 quae
749 321 830 351 tota
868 314 950 351 acie
982 313 1223 362 disperserat.
1286 314 1474 363 Reliquas

150 379 319 417 cohortis
359 391 415 416 V11
462 379 500 416 in
540 377 672 416 castris
716 377 1024 428 propinquisque
1071 378 1237 416 castellis
1277 379 1473 427 praesidio

149 443 401 492 disposuerat.
464 445 652 481 Dextrum
684 455 805 480 cornu
838 442 919 480 eius
951 442 1052 480 rivus
1083 442 1244 491 quidam
1274 442 1473 492 impeditis
1494 447 1513 478 6

111 522 128 554 5
149 507 238 557 ripis
278 506 477 545 muniebat
495 522 505 554 ,-
551 520 668 556 quam
707 507 758 544 ob
804 520 962 544 causam
1008 514 1194 545 cunctum
1240 508 1468 557 equitatum,

148 571 361 622 sagittarios
382 571 676 620 funditoresque
697 570 824 609 omnis
842 570 996 609 sinistro
1017 584 1138 609 cornu
1159 571 1366 610 obiecerat.

200 637 343 675 Caesar
362 635 536 685 superius
557 634 776 673 institutum
802 648 957 673 servans
981 647 1019 672 x.
1046 635 1240 684 legionem
1262 635 1301 673 in
1332 638 1468 675 dextro
1488 642 1543 689 89

146 714 276 747 cornu,
310 714 454 739 nonam
483 701 522 738 in
552 701 706 739 sinistro
737 702 1003 747 collocaverat,
1036 700 1190 738 tametsi
1221 708 1300 739 erat
1332 704 1470 751 Dyrra-

145 766 269 804 chinis
303 766 456 815 proeliis
487 768 739 804 vehementer
772 772 981 811 attenuata,
1019 771 1056 802 et
1087 764 1178 802 huic
1210 765 1264 803 sic
1295 765 1471 803 adiunxit

91 845 127 866 ιο
145 838 321 869 octavam
348 840 389 870 ut
420 845 543 881 paene
564 846 682 870 unam
708 846 754 870 ex
781 831 934 869 duabus
959 830 1137 876 efficeret,
1166 837 1284 879 atque
1311 832 1469 868 alteram

143 895 251 933 alteri
272 896 465 945 praesidio
485 910 569 935 esse
590 897 761 935 iusserat.
823 894 1006 933 Cohortis
1031 893 1070 931 in
1091 893 1174 931 acie
1196 905 1309 931 Lxxx
1331 894 1472 932 consti·
1493 911 1508 931 2

144 966 245 997 tutas
275 961 454 1008 habebat,
479 975 578 1011 quae
606 975 760 999 summa
786 967 865 999 erat
896 959 1047 996 milium
1076 969 1196 1006 XXII,
1240 959 1410 997 cohortis
1440 972 1467 997 11

144 1023 276 1061 castris
321 1026 514 1074 praesidio
562 1026 778 1076 reliquerat.
857 1024 1020 1063 Sinistro
1066 1037 1188 1061 cornu
1233 1024 1464 1070 Antonium,
1491 1043 1508 1072 3

144 1088 279 1126 dextro
307 1090 346 1127 P.
374 1090 530 1136 Sullam,
564 1090 693 1128 media
718 1089 801 1128 acie
829 1091 900 1128 Cn.
927 1088 1146 1126 Domitium
1176 1096 1463 1137 praeposuerat.

89 1164 124 1196 15
146 1152 237 1201 Ipse
263 1160 397 1191 contra
422 1154 654 1204 Pompeium
681 1153 864 1192 constitit.
924 1152 1047 1190 Simul
1072 1152 1131 1190 his
1153 1153 1268 1190 rebus
1295 1152 1468 1191 animad-
1490 1169 1509 1198 4

144 1215 261 1254 versis
282 1230 378 1266 quas
406 1217 770 1264 demonstravimus,
795 1217 936 1255 timens
962 1230 1011 1254 ne
1035 1230 1057 1254 a
1086 1216 1338 1254 multitudine
1365 1216 1470 1266 equi-

144 1287 226 1318 tum
253 1282 430 1320 dextrum
452 1296 572 1321 cornu
599 1282 951 1328 circumveniretur,
975 1281 1150 1319 celeriter
1176 1294 1222 1319 ex
1252 1281 1362 1319 tertia
1386 1281 1469 1319 acie

144 1344 311 1394 singulas
350 1346 520 1385 cohortis
559 1346 723 1385 detraxit
761 1354 878 1396 atque
913 1360 959 1384 ex
997 1346 1056 1383 his
1092 1353 1269 1395 quartam
1304 1345 1470 1384 instituit

143 1409 409 1460 equitatuique
429 1411 613 1461 opposuit
633 1419 671 1450 et
691 1410 786 1461 quid
808 1410 888 1448 fieri
908 1411 1023 1448 vellet
1044 1409 1216 1448 ostendit
1237 1409 1469 1459 monuitque

87 1485 126 1507 20
144 1473 226 1512 eius
259 1474 337 1513 diei
370 1475 570 1514 victoriam
609 1476 649 1514 in
680 1489 812 1515 earum
845 1475 1065 1514 cohortium
1097 1475 1237 1513 virtute
1276 1482 1465 1513 constare.

143 1538 265 1577 Simul
285 1540 418 1579 tertiae
437 1541 533 1580 aciei
555 1541 704 1591 totique
724 1540 907 1580 exercitui
935 1539 1137 1589 imperavit
1157 1553 1206 1578 ne
1227 1539 1376 1577 iniussu
1397 1552 1468 1577 suo
1489 1560 1505 1590 5

143 1612 416 1643 concurrerent
431 1620 441 1652 ,-
461 1619 512 1652 se,
530 1619 621 1644 cum
642 1605 682 1644 id
699 1605 779 1644 fieri
800 1606 926 1651 vellet,
945 1604 1084 1642 vexillo
1101 1603 1255 1653 signum
1272 1604 1464 1641 daturum.

198 1670 420 1708 Exercitum
452 1684 542 1708 cum
574 1671 727 1708 militari
767 1684 874 1708 more
905 1671 956 1708 ad
995 1682 1166 1719 pugnam
1201 1670 1469 1706 cohortaretur
1488 1679 1547 1716 90

143 1745 290 1782 suaque
328 1734 368 1772 in
407 1749 496 1773 eum
535 1735 712 1785 perpetui
751 1733 937 1784 temporis
976 1733 1103 1771 officia
1142 1732 1393 1782 praedicaret,
1428 1732 1467 1770 in

85 1814 122 1845 25
143 1798 276 1847 primis
296 1799 618 1838 commemoravit
638 1799 801 1837 testibus
822 1812 863 1837 se
884 1797 1071 1835 militibus
1092 1796 1148 1835 uti
1170 1810 1296 1846 posse,
1320 1804 1468 1846 quanto

141 1863 272 1900 studio
293 1877 430 1912 pacem
451 1864 619 1914 petisset,
643 1877 744 1913 quae
764 1877 832 1913 per
851 1862 1053 1900 Vatinium
1074 1861 1114 1899 in
1130 1860 1349 1910 colloquiis,
1368 1874 1468 1910 quae

142 1940 209 1976 per
240 1929 284 1965 Α.
323 1927 508 1966 Clodium
544 1941 633 1965 cum
665 1927 848 1977 Scipione
883 1926 1031 1975 egisset,
1067 1925 1210 1975 quibus
1250 1925 1378 1963 modis
1417 1926 1466 1963 ad

141 1991 302 2029 Oricum
347 2005 436 2030 cum
481 1992 634 2030 Libone
671 1993 722 2030 de
761 1991 960 2029 mittendis
1005 1990 1140 2039 legatis
1185 1989 1463 2028 contendisset.

142 2056 281 2104 Neque
302 2069 342 2094 se
363 2069 550 2105 umquam
565 2055 674 2094 abuti
695 2055 861 2093 militum
882 2054 1071 2104 sanguine
1092 2067 1221 2103 neque
1242 2067 1322 2091 rem
1344 2053 1467 2102 publi-
1489 2070 1502 2090 2

85 2134 125 2163 30
142 2133 227 2158 cam
248 2122 431 2158 alterutro
448 2121 616 2158 exercitu
638 2120 786 2169 privare
802 2119 981 2157 voluisse.
1034 2120 1124 2156 Hac
1140 2118 1274 2156 habita
1290 2117 1466 2155 oratione
1487 2129 1504 2157 3

186 2234 204 2253 2
230 2229 458 2254 convenerant
487 2223 554 2255 D‘:
589 2228 827 2254 converterant
853 2224 875 2256 β
1008 2232 1027 2260 3
1052 2222 1085 2251 in
1113 2222 1157 2251 T:
1184 2233 1247 2251 om.
1268 2225 1333 2252 cest.
1445 2222 1465 2250 6

141 2267 309 2297 obiecerat
325 2266 377 2297 X:
401 2268 569 2298 adiecerat
588 2268 712 2297 Mense!
871 2267 890 2296 8
914 2270 987 2295 crat
1006 2290 1011 2295 .
1032 2290 1038 2296 .
1060 2290 1066 2296 .
1089 2269 1263 2294 attenuata
1284 2265 1339 2295 L':
1366 2270 1463 2294 erant

142 2314 333 2340 attenuatae
365 2315 426 2341 cett.
564 2321 602 2340 12
627 2320 650 2339 11
685 2311 784 2347 (duas
815 2309 859 2338 El
890 2309 997 2339 codd:
1036 2318 1082 2337 νιι
1117 2308 1291 2346 Affoelm'ng
1423 2317 1462 2335 22

142 2353 193 2393 se]
211 2354 271 2383 sed
288 2353 330 2382 D'
463 2364 501 2391 27
527 2354 680 2384 Clodium
703 2352 924 2382 Vascosmms:
951 2351 1128 2381 Claudium
1147 2350 1184 2379 X

1337 2404 1375 2431 *A*
