1705 2729
603 146 646 182 (j.
682 145 795 181 IVLI
829 144 1097 182 CAESARIS

188 269 312 306 paene
339 255 432 293 vicis
463 249 709 304 castellisque
741 254 900 304 singulis
930 267 1019 292 curn
1050 254 1213 304 imperio
1240 254 1515 304 praeficieban-

190 328 260 358 tur.
320 319 398 368 Qui
426 321 565 356 horum
593 318 688 368 quid
715 318 963 356 acerbissime
987 317 1333 368 crudelissimeque
1360 320 1513 366 fecerat,

152 400 170 430 4
190 386 222 423 is
243 393 280 423 et
300 384 356 423 vir
376 392 413 422 et
434 384 528 422 civis
549 383 720 433 optimus
742 384 969 421 habebatur.
1030 385 1122 420 Erat
1142 384 1257 433 plena
1278 383 1457 422 lictorum
1478 391 1517 422 et

190 448 442 499 imperiorum
469 447 679 498 provincia,
703 447 854 486 differta
881 446 1084 497 praefectis
1113 454 1232 497 atque
1259 447 1514 495 exactoribus,

191 512 258 563 qui
277 520 428 562 praeter
443 511 651 561 imperatas
673 511 859 561 pecunias
880 524 951 549 suo
972 511 1088 549 etiam
1110 511 1259 561 privato
1280 512 1518 562 compendio
1538 523 1555 554 5

192 576 434 615 serviebant:
473 576 706 615 dictitabant
737 575 841 613 enim
877 588 918 614 se
948 576 1071 614 domo
1103 575 1304 625 patriaque
1338 578 1519 626 expulsos

193 640 376 679 omnibus
406 640 632 679 necessariis
663 654 774 690 egere
804 640 930 686 rebuS‚
957 647 999 678 ut
1026 641 1191 678 honesta
1217 640 1520 690 praescriptione

156 722 174 753 5
193 718 274 743 rern
290 704 553 754 turpissimam
574 711 757 754 tegerent.
816 704 1071 742 Accedebant
1087 705 1137 742 ad
1158 705 1254 743 haec
1273 704 1521 754 gravissimae

193 782 342 815 usurae,
366 770 473 818 quod
498 768 537 806 in
562 769 667 807 bello
692 770 922 818 plerumque
949 768 1127 807 accidere
1151 769 1354 807 consuevit
1374 769 1522 807 univer—

194 833 245 872 sis
279 832 476 882 imperatis
510 832 712 882 pecuniis,
750 833 893 882 quibus
928 832 969 870 in
1003 834 1118 871 rebus
1152 834 1410 883 prolationem
1445 833 1522 873 diei
1544 847 1583 869 ιο

195 897 450 936 donationem
478 910 563 935 esse
590 896 785 935 dicebant.
848 899 987 946 Itaque
1013 911 1079 936 aes
1105 898 1276 936 alienum
1301 898 1524 949 provinciae

158 973 177 1004 6
196 975 244 1000 eo
260 961 420 999 biennio
438 961 740 1011 multiplicatum
758 969 825 1000 est.
879 963 1020 1011 Neque
1041 962 1170 1000 minus
1191 963 1243 1000 ob
1264 975 1350 1001 earn
1366 976 1523 1001 causam

197 1027 346 1065 civibus
368 1026 559 1064 Romanis
589 1026 671 1064 eius
697 1026 930 1076 provinciae,
954 1028 1023 1065 sed
1047 1026 1086 1064 in
1113 1026 1285 1077 singulos
1309 1035 1525 1066 conventus

198 1092 447 1142 singulasque
473 1092 647 1130 civitates
673 1099 801 1130 certae
823 1092 1013 1142 pecuniae
1033 1092 1335 1142 imperabantur,
1358 1100 1527 1130 mutuas-

198 1172 274 1208 que
301 1158 384 1195 illas
412 1171 457 1195 ex
485 1165 643 1195 senatus
673 1158 854 1195 consulto
882 1157 980 1206 exigi
1008 1157 1241 1195 dictitabant
1255 1172 1264 1205 3
1294 1157 1523 1207 publicanis,
1548 1168 1585 1199 15

199 1230 241 1261 ut
262 1223 300 1260 in
323 1222 429 1271 Syria
451 1223 632 1268 fecerant,
657 1221 899 1270 insequentis
920 1221 1013 1259 anni
1035 1221 1198 1271 vectigal
1219 1230 1483 1271 promutuum.

131 1295 181 1333 33
255 1290 458 1325 Praeterea
475 1286 623 1336 Ephesi
643 1300 665 1324 a
682 1287 772 1324 fano
790 1286 942 1325 Dianae
963 1286 1160 1336 depositas
1181 1286 1394 1336 antiquitus
1415 1299 1529 1336 pecu-

201 1353 283 1390 nias
319 1351 450 1401 Scipio
485 1351 567 1389 tolli
600 1350 770 1389 iubebat.
837 1352 1033 1400 Certaque
1067 1351 1101 1389 ei
1133 1350 1187 1389 rei
1221 1351 1285 1389 die
1318 1350 1530 1389 constituta

201 1430 291 1455 cum
317 1416 355 1453 in
381 1417 514 1453 fanum
536 1423 697 1453 ventum
724 1422 825 1453 esset
846 1415 1031 1453 adhibitis
1056 1415 1323 1464 compluribus
1348 1413 1530 1452 senatorii

202 1480 361 1527 ordinis,
398 1493 496 1529 quos
535 1480 794 1518 advocaverat
828 1479 970 1529 Scipio,
1004 1479 1152 1517 litterae
1191 1479 1227 1517 ei
1265 1480 1480 1517 redduntur
1508 1491 1531 1517 a
1551 1490 1590 1512 20

204 1545 406 1595 Pompeio,
430 1558 535 1582 mare
562 1544 744 1583 transisse
770 1557 860 1582 curn
888 1544 1106 1593 legionibus
1134 1545 1368 1590 Caesarem3
1396 1556 1532 1593 prope-

204 1617 301 1647 raret
331 1610 381 1647 ad
411 1622 452 1646 se
482 1622 572 1646 cum
605 1608 775 1647 exercitu
806 1608 936 1646 venire
965 1608 1177 1657 omniaque
1206 1616 1294 1658 post
1325 1606 1387 1659 [ea
1413 1605 1530 1659 quae]

169 1692 183 1712 2
205 1675 375 1712 haberet.
441 1672 516 1710 His
547 1672 682 1711 litteris
716 1672 898 1722 acceptis,
928 1685 1027 1722 quos
1061 1674 1319 1710 advocaverat
1348 1671 1533 1718 dimittit‚·

204 1739 286 1788 ipse
330 1738 400 1776 iter
438 1737 477 1774 in
518 1736 797 1775 Macedoniam
842 1750 974 1786 parare
1016 1736 1152 1786 incipit
1192 1736 1405 1786 paucisque
1445 1743 1533 1786 post

205 1803 344 1841 diebus
369 1809 426 1840 est
447 1802 655 1851 profectus.
717 1803 830 1839 Haec
854 1814 913 1839 res
935 1800 1129 1851 Ephesiae
1153 1801 1343 1850 pecuniae
1367 1802 1532 1839 salutern
1553 1814 1590 1844 25

205 1867 343 1904 attulit.

136 1943 187 1980 34
262 1931 416 1976 Caesar,
436 1929 586 1967 Antoni
610 1928 779 1968 exercitu
804 1929 1027 1976 coniuncto,
1045 1930 1216 1968 deducta
1236 1928 1356 1968 Orico
1379 1928 1532 1978 legione

208 2008 325 2044 quam
356 1996 527 2032 tuendae
556 2007 646 2032 orae
676 1994 892 2032 maritimae
920 2008 1037 2032 causa
1066 2001 1257 2044 posuerat,
1284 1994 1532 2043 temptandas

173 2080 187 2100 2
208 2059 280 2097 sibi
302 2059 519 2109 provincias
540 2059 774 2108 longiusque
794 2060 1089 2109 procedendum
1110 2058 1355 2096 existimabat
1375 2065 1424 2104 et,
1443 2070 1533 2095 cum

256 2172 268 2191 ῐ
295 2161 418 2199 singuli
441 2165 516 2201 post
546 2160 689 2200 singulis
715 2160 791 2192 add.
820 2160 935 2191 Oelzler
1149 2172 1168 2199 4
1194 2161 1408 2199 imperiorum
1436 2159 1532 2190 D'T:

211 2204 384 2243 impiorum
410 2208 472 2234 cett.
588 2205 770 2243 praesectis
794 2204 924 2235 Aldus:
966 2204 1098 2243 pceptis
1121 2201 1159 2232 X
1333 2213 1370 2242 15
1396 2203 1469 2233 illas
1491 2214 1534 2233 ex

210 2252 350 2277 senatus
365 2247 499 2277 Aldnsz
527 2257 570 2276 ex
589 2247 645 2277 illo
664 2257 699 2277 se
717 2246 754 2276 X
886 2248 923 2276 16
947 2248 979 2277 in
1000 2247 1098 2285 Syria
1116 2246 1321 2286 Stephanus:
1347 2246 1474 2276 insorte
1490 2248 1532 2280 βε

212 2291 243 2320 in
270 2299 352 2329 tom.
375 2290 420 2329 E)
446 2290 532 2320 sorte
556 2290 601 2319 D'
756 2291 792 2319 18
815 2290 985 2328 Certaque
1010 2291 1041 2320 ei
1067 2290 1114 2320 rei
1140 2290 1194 2319 die
1217 2289 1359 2319 Achilles
1383 2288 1532 2320 Statius:

211 2334 400 2372 Ceteraque
419 2334 492 2363 cius
508 2334 575 2363 diei
596 2332 633 2362 X
766 2344 804 2373 19
827 2333 989 2363 senatorii
1014 2333 1143 2363 ordinis
1163 2332 1256 2363 DT':
1287 2333 1414 2362 ordinis
1436 2342 1533 2363 sena-

211 2377 289 2406 torii
311 2377 348 2407 L'
480 2387 521 2405 22
547 2381 622 2416 post
640 2376 768 2408 Aldus:
796 2382 911 2416 postea
930 2378 1011 2415 (om.
1031 2375 1071 2415 L†
1095 2386 1180 2416 quae
1198 2373 1236 2404 X
