1705 2729
366 152 440 189 DE
471 151 650 190 BELLO
683 152 1041 189 HISPANIENSI
1073 152 1241 190 LIBER

145 273 277 298 secum
300 261 435 299 habuit
455 261 509 299 eis
531 261 725 300 distribuit
747 269 783 299 et
808 261 1015 310 oppidanis
1037 261 1131 299 dixit
1159 276 1199 300 se
1220 264 1269 300 de
1294 277 1388 312 pace
1409 265 1459 301 ad

144 326 351 363 Caesarem
378 324 570 374 proficisci
595 333 632 363 et
661 327 834 364 secunda
859 325 987 375 vigilia
1015 326 1064 363 ab
1094 326 1242 375 oppido
1269 327 1458 366 discessit.

143 390 214 427 Cn.
238 389 446 438 Pompeius
467 403 556 427 cum
578 389 773 439 equitibus
794 389 927 438 paucis
949 403 1027 427 non
1050 389 1244 440 nullisque
1260 391 1458 440 peditibus
1479 400 1498 430 6

141 454 191 490 ad
212 455 348 491 navale
368 453 604 503 praesidium
625 461 732 503 parte
757 455 876 491 altera
897 453 1091 493 Carteiam
1113 455 1327 501 contendit,
1351 457 1457 504 quod

104 532 120 563 5
141 516 331 566 oppidum
351 518 462 556 abest
476 519 526 556 ab
541 519 728 557 Corduba
748 518 854 555 milia
873 532 1057 568 passuum
1075 530 1194 556 CLXX.
1255 521 1347 568 Quo
1367 533 1457 557 cum
1482 532 1496 564 7

140 581 190 618 ad
207 589 387 619 octavum
405 581 610 619 miliarium
624 581 803 628 venisset,
823 584 862 619 P.
887 582 1095 629 Caucilius,
1112 582 1178 632 qui
1191 583 1323 621 castris
1344 591 1458 622 antea

141 645 304 694 Pompei
333 645 574 695 praepositus
604 653 715 691 esset,
745 644 826 683 eius
856 645 981 683 verbis
1012 645 1192 684 nuntium
1223 646 1339 684 mittit
1368 661 1457 685 eum

140 707 267 746 minus
289 708 390 747 belle
411 710 553 747 habere
573 724 579 746 :
621 716 662 747 ut
683 708 879 747 mitterent
909 708 1086 747 lecticam
1109 723 1186 759 qua
1206 710 1244 747 in
1267 710 1457 760 oppidum

138 772 277 810 deferri
311 781 450 821 posset.
511 772 732 811 Lecticariis
767 772 892 810 missis
928 773 1138 822 Pompeius
1170 774 1364 812 Carteiam
1395 776 1458 813 de·
1478 781 1495 810 8

82 850 121 873 10
139 838 265 875 fertur.
323 838 401 886 Qui
426 837 575 875 illarum
603 837 768 887 partium
797 839 964 876 fautores
994 845 1123 876 essent
1153 838 1391 877 conveniunt
1418 839 1456 877 in

138 902 302 940 domum
341 915 420 951 quo
458 910 538 940 erat
580 902 855 952 delatus—qui
892 902 1063 940 arbitrati
1107 910 1196 940 sunt
1234 905 1455 941 clanculum

138 965 354 1012 venisse—,
377 973 418 1003 ut
437 967 488 1004 ab
509 980 556 1005 eo
578 980 678 1016 quae
699 968 842 1005 vellent
863 968 912 1004 de
938 967 1041 1005 bello
1062 967 1310 1017 requirerent.
1353 969 1454 1007 Cum

137 1031 354 1080 frequentia
373 1031 629 1077 convenisset,
652 1032 702 1070 de
723 1031 860 1069 lectica
881 1031 1091 1081 Pompeius
1112 1045 1246 1070 eorum
1275 1031 1313 1069 in
1335 1033 1453 1071 fidem

138 1095 321 1145 confugit.

81 1171 118 1203 15
191 1160 335 1198 Caesar
347 1174 393 1197 ex
406 1160 554 1209 proelio
567 1161 723 1198 Munda
738 1160 955 1198 munitione
969 1160 1208 1199 circumdata
1225 1161 1452 1199 Cordubam
1474 1166 1523 1203 33

135 1222 249 1261 venit.
310 1223 389 1272 Qui
423 1238 469 1262 ex
501 1225 622 1262 caede
654 1237 701 1262 eo
736 1226 965 1274 refugerant,
999 1232 1159 1274 pontem
1199 1234 1451 1275 occuparunt.

136 1288 238 1326 Cum
259 1301 307 1326 eo
326 1296 486 1326 ventum
507 1296 617 1335 esset,
641 1288 849 1327 conviciari
878 1296 1090 1337 coeperunt
1108 1304 1114 1326 z
1145 1302 1216 1327 nos
1239 1303 1284 1327 ex
1304 1290 1452 1339 proelio
1474 1301 1488 1322 2

134 1364 281 1400 paucos
301 1366 501 1403 superesse
517 1368 526 1400 3
564 1367 643 1403 quo
670 1355 918 1402 fugeremus?
967 1355 1027 1391 Ita
1047 1366 1218 1402 pugnare
1239 1362 1452 1403 coeperunt

134 1417 183 1454 de
204 1424 334 1466 ponte.
394 1419 538 1457 Caesar
551 1419 697 1456 flumen
718 1417 867 1456 traiecit
881 1425 918 1455 et
932 1426 1055 1456 castra
1072 1418 1211 1468 posuit.
1271 1420 1448 1468 Scapula,
1473 1431 1489 1460 5

78 1497 116 1518 20
135 1480 252 1518 totius
276 1481 489 1528 seditionis,
518 1481 686 1520 familiae
713 1489 750 1520 et
777 1481 1046 1520 libertinorum
1071 1490 1197 1531 caput,
1230 1496 1276 1520 ex
1303 1482 1451 1532 proelio

133 1546 360 1584 Cordubam
399 1559 489 1584 cum
520 1546 698 1593 venisset,
734 1546 919 1584 familiam
954 1554 991 1584 et
1020 1546 1178 1584 libertos
1208 1547 1447 1592 convocavit,

132 1622 266 1659 pyram
287 1609 360 1648 sibi
374 1610 567 1657 exstruxit,
583 1624 721 1649 cenam
734 1610 875 1649 adferri
896 1624 1013 1660 quam
1031 1610 1219 1660 optimam
1234 1610 1446 1660 imperavit,

131 1672 223 1712 item
255 1674 412 1724 optimis
446 1674 741 1713 insternendum
782 1675 1045 1713 vestimentis:
1086 1675 1292 1724 pecuniam
1325 1683 1361 1713 et
1395 1689 1449 1713 ar-

129 1746 290 1787 gentum
319 1739 358 1777 in
392 1739 610 1788 praesentia
638 1739 806 1777 familiae
839 1739 1009 1778 donavit.
1070 1741 1159 1788 Ipse
1194 1740 1243 1777 de
1272 1746 1447 1789 tempore
1467 1752 1486 1781 4

73 1817 111 1849 25
131 1816 296 1851 cenare,-
337 1803 504 1842 resinam
534 1812 571 1842 et
602 1805 766 1842 nardum
797 1803 1012 1843 identidem
1045 1804 1116 1842 sibi
1152 1803 1330 1842 infundit.
1388 1805 1448 1842 Ita

130 1867 343 1906 novissimo
366 1876 541 1918 tempore
554 1882 706 1907 servum
729 1868 838 1906 iussit
852 1876 890 1907 et
911 1868 1104 1915 libertum,
1123 1868 1190 1917 qui
1211 1867 1343 1906 fuisset
1365 1868 1447 1906 eius

129 1933 384 1980 concubinus,
407 1935 571 1971 alterurn
600 1947 640 1972 se
667 1933 848 1983 iugulare,
871 1936 1035 1972 alterum
1062 1947 1193 1983 pyram
1225 1932 1443 1971 incendere.

183 1996 382 2046 Oppidani
408 2006 550 2045 autem,
573 1997 687 2035 simul
709 1999 853 2037 Caesar
879 2005 1003 2036 castra
1029 2004 1163 2035 contra
1183 1997 1234 2035 ad
1255 1996 1443 2045 oppidum
1465 2008 1516 2046 34

128 2060 267 2111 posuit,
291 2061 513 2100 discordare
542 2070 755 2112 coeperunt
785 2076 909 2112 usque
938 2076 986 2100 eo
1016 2070 1057 2100 ut
1084 2063 1231 2100 clamor
1259 2061 1297 2098 in
1322 2068 1445 2099 castra

171 2176 190 2203 4
215 2170 310 2203 parte
327 2165 433 2196 altera
448 2165 503 2196 X:
528 2167 712 2206 parandum
731 2165 870 2196 Kuebler
1045 2166 1066 2195 6
1090 2164 1261 2196 Caueilius
1277 2164 1421 2205 Scaltger
1437 2177 1443 2195 :

128 2207 255 2238 Caucili
282 2207 320 2237 X
445 2220 467 2249 9
489 2214 605 2249 posset
634 2209 689 2239 D:
722 2210 829 2248 possit
851 2211 874 2243 β
1052 2208 1244 2239 Lecticariis
1268 2208 1442 2238 Fleisclzer:

128 2251 246 2281 litteris
268 2250 305 2280 X
412 2264 449 2283 10
474 2258 605 2292 partum
631 2253 666 2283 D
778 2262 813 2282 11
841 2251 970 2282 delatus
991 2253 1059 2282 Δδ;
1093 2252 1215 2282 dilatus
1236 2250 1274 2280 X
1404 2261 1441 2290 15

129 2293 254 2324 Munda
277 2294 352 2326 add.
378 2295 585 2326 Rlzellicmms
719 2305 755 2334 17
780 2300 916 2326 ventum
942 2295 1027 2326 codd.
1054 2306 1147 2326 νεῖαι
1179 2296 1439 2325 circumventum

126 2336 335 2375 (circumven
355 2337 360 2378 1
380 2344 514 2369 ventum
535 2339 579 2379 F)
599 2337 637 2368 X
829 2338 1004 2369 convitiari
1031 2338 1081 2368 V:
1121 2338 1304 2368 convitiare
1328 2336 1442 2368 DU'T

126 2390 167 2418 25
193 2381 335 2411 resinam
367 2382 453 2414 codd.
490 2392 584 2413 rem:
617 2382 713 2412 sitam
746 2382 793 2412 vel
823 2382 924 2412 sicam
949 2380 1004 2410 X:
1054 2386 1193 2412 stactam
1222 2381 1438 2421 Oudendorp:

125 2425 249 2463 spicam
268 2424 396 2455 Oberlz'n
507 2427 549 2456 28
573 2426 614 2456 ad
631 2436 695 2456 0111.
720 2425 758 2455 U‘
