1705 2729
604 121 647 160 C.
683 120 797 157 IVLI
829 118 1097 157 CAESARIS

154 247 167 268 2
190 233 380 280 tribuitur,
405 233 473 271 sed
499 233 549 270 de
580 244 648 269 sua
679 230 801 268 salute
828 228 996 277 septimo
1024 226 1088 266 die
1115 225 1285 276 cogitare
1312 233 1515 275 coguntur,

190 300 298 349 quod
337 298 391 336 illi
430 294 753 335 turbulentissimi
793 292 1057 343 superioribus
1091 291 1334 341 temporibus
1373 290 1517 329 tribuni

190 363 314 414 plebis
338 368 429 412 post
457 369 548 400 octo
580 359 752 409 denique
780 358 924 397 mensis
952 356 1143 395 variarum
1173 356 1373 394 actionum
1403 355 1515 405 respi-

153 438 170 469 3
189 441 276 467 cere
296 441 342 465 ac
363 426 498 465 timere
520 426 815 466 †consuerant†.
868 421 1095 460 Decurritur
1114 422 1165 459 ad
1186 420 1282 459 illud
1303 427 1518 458 extremum

189 500 307 542 atque
337 491 519 530 ultimum
549 496 707 528 senatus
738 488 973 533 consultum,
997 499 1077 535 quo
1104 485 1178 523 nisi
1208 498 1334 535 paene
1364 484 1404 522 in
1434 484 1519 534 ipso

191 557 296 595 urbis
313 555 498 595 incendio
514 562 632 604 atque
653 553 692 591 in
713 551 986 602 desperatione
1003 550 1181 589 omnium
1203 549 1336 588 salutis
1352 550 1519 587 latorum

190 621 355 660 audacia
385 633 603 670 numquam
631 625 723 656 ante
752 617 970 656 discessum
1003 623 1083 654 est:
1115 616 1210 654 dent
1241 627 1399 664 operam
1430 626 1520 651 con-

192 688 307 733 sules,
329 693 536 736 praetores,
560 683 704 722 tribuni
732 682 867 732 plebis,
901 680 1048 731 quique
1069 686 1146 729 pro
1171 678 1399 717 consulibus
1430 685 1519 716 sunt

153 766 170 794 4
191 754 241 790 ad
276 752 424 797 urbem,
459 764 508 788 ne
541 749 637 799 quid
669 762 728 787 res
760 747 918 798 publica
948 746 1172 785 detrimenti
1204 745 1342 795 capiat.
1406 745 1519 782 Haec

192 823 349 855 senatus
379 815 561 853 consulto
589 812 880 863 perscribuntur
910 825 942 849 a.
970 812 1007 849 d.
1038 822 1106 848 vll.
1141 811 1199 848 Id.
1235 811 1317 847 Ian.
1380 810 1519 858 Itaque

193 894 216 919 v
248 880 381 931 primis
413 879 553 918 diebus
581 878 724 928 quibus
755 876 889 915 haberi
922 883 1078 915 senatus
1111 874 1248 925 potuit,
1279 887 1356 924 qua
1383 887 1429 912 ex
1456 873 1520 912 die

192 947 440 985 consulatum
472 943 557 982 iniit
593 944 793 989 Lentulus,
829 941 951 980 biduo
986 947 1150 990 excepto
1181 938 1437 996 comitialiyet
1471 939 1521 977 de

193 1011 358 1062 imperio
397 1008 575 1049 Caesaris
607 1015 645 1046 et
678 1008 728 1046 de
761 1005 1012 1057 amplissimis
1046 1005 1145 1052 viris,
1183 1003 1347 1043 tribunis
1368 995 1522 1053 plebis,

155 1091 171 1121 5
192 1075 416 1127 gravissime
458 1072 789 1122 acerbissimeque
827 1071 1059 1111 decernitur.
1120 1069 1350 1120 Profugiunt
1390 1068 1520 1107 statim

193 1156 239 1180 ex
259 1141 355 1179 urbe
376 1138 521 1178 tribuni
542 1137 667 1188 plebis
695 1150 859 1186 seseque
886 1137 937 1175 ad
964 1137 1174 1175 Caesarem
1202 1135 1419 1173 conferunt.
1481 1134 1520 1171 Is

193 1220 241 1245 eo
271 1213 447 1255 tempore
477 1211 557 1243 erat
593 1205 807 1241 Ravennae
841 1201 1172 1252 exspectabatque
1203 1199 1282 1238 suis
1313 1197 1521 1238 lenissimis

194 1270 398 1322 postulatis
420 1281 616 1319 responsa,
640 1268 670 1305 si
692 1280 769 1317 qua
790 1266 997 1305 hominum
1028 1264 1225 1315 aequitate
1246 1277 1305 1303 res
1327 1265 1377 1302 ad
1398 1262 1521 1302 otium

194 1335 337 1375 deduci
359 1341 500 1385 posset.

148 1402 175 1438 6
250 1399 439 1438 Proximis
459 1398 599 1437 diebus
621 1397 786 1436 habetur
806 1404 911 1435 extra
932 1395 1069 1434 urbem
1091 1402 1259 1434 senatus.
1311 1392 1522 1443 Pompeius

195 1466 334 1503 eadem
369 1463 433 1501 illa
464 1476 565 1512 quae
599 1475 667 1511 per
702 1461 928 1512 Scipionem
963 1461 1188 1499 ostenderat
1223 1459 1325 1510 agit3
1365 1466 1522 1497 senatus

195 1529 375 1568 virtutem
412 1527 754 1576 constantiamque
789 1526 1011 1572 collaudat3
1052 1525 1185 1575 copias
1220 1537 1309 1562 suas
1340 1522 1522 1573 exponit:

160 1610 173 1630 2
195 1594 368 1644 legiones
389 1593 534 1631 habere
554 1605 639 1630 sese
655 1598 806 1641 paratas
828 1603 854 1628 x
871 1606 880 1638 3
910 1597 1109 1640 praeterea
1129 1589 1330 1640 cognitum
1351 1600 1524 1637 comper-

196 1668 359 1708 tumque
389 1657 462 1695 sibi
491 1656 620 1695 alieno
645 1669 729 1694 esse
756 1655 889 1694 animo
917 1656 955 1693 in
982 1657 1192 1695 Caesarem
1224 1653 1365 1692 milites
1395 1665 1524 1702 neque

196 1724 250 1762 eis
289 1736 404 1772 posse
443 1721 666 1772 persuaderi
706 1720 761 1759 uti
801 1734 891 1759 eum
932 1721 1148 1759 defendant
1193 1726 1260 1757 aut
1300 1725 1520 1767 sequantur.

160 1801 177 1831 3
197 1787 334 1826 Statim
365 1789 415 1825 de
446 1785 603 1836 reliquis
638 1786 753 1824 rebus
785 1787 835 1824 ad
870 1792 1050 1824 senatum
1083 1785 1267 1831 refertur3
1301 1790 1382 1821 tota
1413 1781 1524 1819 Italia

196 1853 361 1892 dilectus
391 1852 603 1898 habeatur3
639 1853 805 1889 Faustus
836 1852 942 1889 Sulla
972 1863 1136 1900 propere
1166 1849 1205 1886 in
1238 1846 1523 1886 Mauretaniam

198 1917 395 1963 mittatur3
428 1916 596 1966 pecunia
627 1916 683 1954 uti
715 1930 761 1955 ex
790 1916 937 1955 aerario
972 1914 1164 1964 Pompeio
1195 1915 1333 1960 detur3
1366 1914 1526 1951 refertur

160 1996 177 2025 4
198 1982 314 2020 etiam
336 1983 386 2020 de
407 1995 494 2032 rege
517 1982 627 2028 Iuba,
651 1989 693 2020 ut
715 1981 844 2020 socius
872 1981 920 2019 sit
946 1988 1065 2030 atque
1089 1978 1248 2018 amicus.
1314 1978 1525 2015 Marcellus

242 2096 261 2124 3
286 2090 361 2125 post
379 2085 455 2117 add.
473 2085 590 2116 Dimer
678 2089 756 2115 octo
781 2086 824 2118 B:
850 2087 971 2114 octavo
993 2082 1110 2113 Vcom:
1129 2092 1135 2110 z
1166 2085 1240 2111 orto
1257 2079 1300 2110 D'
1392 2088 1527 2109 menses

199 2130 365 2159 variarum
382 2131 426 2163 B:
452 2139 568 2159 mense
594 2138 730 2159 suarum
750 2127 794 2157 D'
906 2137 925 2164 4
950 2129 1156 2156 consuerant
1172 2124 1204 2154 l:
1237 2127 1415 2154 consuerat
1437 2125 1501 2153 cett.
1518 2133 1524 2151 :

199 2174 254 2203 vix
269 2172 470 2202 retinendum
488 2172 615 2203 videtur
756 2181 772 2209 7
799 2170 983 2201 discessum
1000 2168 1054 2198 X:
1081 2169 1281 2198 descensum
1296 2165 1365 2196 edd.
1505 2165 1526 2194 8

200 2226 261 2255 pro
284 2215 357 2246 add.
380 2215 614 2256 Pantagathus
703 2219 779 2245 sunt
801 2224 866 2243 om.
891 2212 931 2243 T'
1066 2222 1104 2242 10
1130 2211 1247 2250 Itaque
1269 2212 1312 2244 B:
1348 2209 1455 2247 iisque
1473 2208 1523 2238 E:

202 2260 277 2299 ique
294 2259 328 2289 D
447 2261 485 2288 16
509 2258 691 2288 lenissimis
707 2257 905 2287 Beroaldus:
931 2255 1110 2286 levissimis
1127 2253 1164 2283 X
1289 2263 1328 2291 19
1346 2252 1526 2291 Pompeius

203 2325 211 2333 .
230 2329 237 2335 .
257 2327 264 2334 .
285 2308 424 2333 senatus
449 2313 513 2332 om.
539 2301 584 2331 D‘
716 2310 756 2339 25
783 2300 903 2331 Statim
932 2299 962 2329 [J
983 2309 1054 2329 var.
1079 2298 1129 2328 F:
1156 2297 1253 2335 Statii
1275 2296 1357 2326 salte
1380 2295 1451 2335 (hoc
1465 2293 1523 2325 del.

204 2358 249 2376 m.
274 2348 307 2381 23
326 2347 358 2377 l:
385 2351 418 2375 ut
443 2346 554 2376 statim
579 2344 689 2374 saltim
712 2343 755 2373 V:
781 2344 909 2374 saltcm.
933 2343 1012 2374 UT:
1045 2352 1109 2371 om.
1128 2340 1191 2370 D':
1221 2340 1319 2379 vulgo
1341 2343 1527 2377 sequantur

202 2390 330 2420 saltem.
466 2398 571 2426 25—27
598 2392 667 2418 tota
685 2411 691 2417 .
712 2411 718 2417 .
739 2411 744 2417 .
764 2388 908 2417 refertur
925 2396 989 2415 om.
1008 2385 1052 2415 D'

1539 499 1556 529 5

1542 826 1580 847 10

1544 1150 1580 1181 ¹5

1544 1474 1583 1496 20

1546 1798 1582 1830 ²5
