1705 2729
590 122 634 160 C.
669 123 784 159 IVLI
816 122 1083 160 CAESARIS

139 247 153 267 2
175 232 412 282 quibusdam
445 231 609 281 protegit
642 231 776 277 ventis,
809 238 933 269 castra
964 231 1191 269 communit.
1254 233 1313 269 Eo
1347 239 1495 281 partem

174 296 331 334 navium
359 295 563 345 longarum
582 295 800 341 convenire,
825 296 1061 333 frumentum
1082 303 1426 345 commeatumque
1445 296 1496 334 ab

174 361 267 399 Asia
299 368 417 411 atque
451 360 636 399 omnibus
674 359 898 409 regionibus
933 372 1029 408 quas
1064 360 1222 398 tenebat
1260 360 1496 410 comportari

136 434 153 465 3
172 425 347 475 imperat.
408 426 553 465 Caesar
582 424 735 474 longius
765 425 912 462 bellurn
942 425 1106 462 ductum
1135 423 1178 461 iri
1205 423 1428 462 existimans
1458 432 1496 462 et

171 492 222 529 de
262 490 407 528 Italicis
439 489 724 528 commeatibus
756 490 978 539 desperans,
1013 491 1121 538 quod
1152 497 1258 527 tanta
1296 489 1496 540 diligentia
1515 502 1533 534 5

171 554 304 593 onmia
320 555 431 593 litora
446 568 469 592 a
490 553 740 604 Pompeianis
762 554 996 592 tenebantur
1012 555 1233 603 classesque
1249 553 1379 603 ipsius,
1399 567 1495 603 quas

171 619 300 658 hieme
320 619 359 657 in
381 618 522 665 Sicilia,
538 618 675 664 Gallia,
694 617 806 656 Italia
822 619 974 664 fecerat,
994 618 1255 664 morabantur,
1274 616 1314 654 in
1332 617 1495 667 Epirum

171 683 223 722 rei
245 683 518 722 frumentariae
539 696 655 720 causa
677 683 725 730 Q.
749 681 908 719 Tillium
931 689 968 720 et
996 680 1297 720 L.·Canuleium
1324 682 1494 731 legatum

171 748 284 795 misit,
322 749 510 798 quodque
543 749 617 785 hae
651 746 827 796 regiones
859 747 1020 785 aberant
1052 745 1215 795 longius,
1252 745 1347 784 locis
1381 745 1494 784 certis

170 814 307 851 horrea
340 811 542 851 constituit
571 819 827 860 vecturasque
856 810 1039 849 frumenti
1070 810 1243 848 finitimis
1273 809 1494 848 civitatibus
1517 823 1555 845 10

132 893 146 920 4
168 876 371 927 discripsit.
433 878 534 915 Item
574 875 686 914 Lisso
726 875 998 924 Parthinisque
1036 882 1073 913 et
1105 874 1289 912 omnibus
1326 873 1494 912 castellis

131 958 147 989 5
169 943 276 991 quod
309 948 409 979 esset
442 940 627 979 frumenti
661 939 837 989 conquiri
872 939 991 977 iussit.
1053 941 1101 978 Id
1132 946 1212 977 erat
1242 938 1493 989 perexiguum

90 994 95 998 ,
168 1019 258 1044 cum
280 1005 399 1056 ipsius
423 1005 502 1055 agri
527 1012 673 1050 natura,
693 1005 802 1054 quod
829 1012 918 1042 sunt
943 1005 1029 1042 loca
1055 1017 1190 1053 aspera
1213 1017 1259 1041 ac
1286 1010 1495 1042 montuosa

167 1084 212 1108 ac
233 1072 463 1120 plerumque
490 1071 686 1107 frumento
714 1076 875 1106 utuntur
899 1068 1120 1118 importato‚
1143 1076 1226 1106 tum
1247 1068 1355 1117 quod
1382 1069 1494 1106 Pom-

167 1135 277 1184 peius
307 1137 404 1173 haec
434 1135 655 1184 providerat
678 1140 716 1172 et
745 1133 1008 1183 superioribus
1038 1132 1178 1171 diebus
1207 1133 1374 1182 praedae
1403 1133 1492 1172 loco
1513 1144 1551 1178 15

168 1198 374 1237 Parthinos
401 1199 590 1237 habuerat
617 1199 937 1247 frumentumque
966 1210 1084 1235 omne
1111 1196 1376 1247 conquisitum
1407 1210 1492 1247 spo-

166 1263 266 1301 liatis
305 1263 533 1313 effossisque
572 1275 707 1301 eorum
746 1261 932 1301 domibus
971 1275 1038 1311 per
1076 1261 1226 1311 equites
1265 1261 1304 1299 in
1337 1263 1491 1300 Petram

167 1335 437 1378 comportarat.

94 1402 147 1440 43
221 1392 376 1440 Quibus
415 1393 530 1430 rebus
569 1391 734 1442 cognitis
773 1392 917 1433 Caesar
954 1390 1163 1430 consilium
1201 1390 1305 1441 capit
1335 1404 1382 1429 ex
1414 1389 1491 1429 loci

166 1465 312 1495 natura.
374 1459 494 1495 Erant
525 1456 630 1495 enim
661 1456 807 1495 circum
838 1464 963 1494 castra
993 1455 1157 1506 Pompei
1184 1455 1366 1506 permulti
1396 1455 1491 1494 editi
1512 1467 1554 1490 20

163 1529 282 1570 atque
301 1521 427 1571 asperi
447 1522 576 1560 colles.
637 1523 726 1559 Hos
746 1520 915 1570 primurn
941 1519 1143 1570 praesidiis
1172 1520 1296 1558 tenuit
1320 1521 1491 1558 castella-

130 1602 143 1623 2
165 1598 241 1635 que
268 1585 321 1623 ibi
347 1585 590 1623 communiit.
652 1585 762 1631 Inde,
786 1592 828 1622 ut
852 1583 928 1622 loci
953 1584 1142 1634 cuiusque
1169 1591 1306 1622 natura
1328 1584 1486 1631 ferebat,

163 1663 210 1688 ex
243 1651 402 1688 castello
432 1650 472 1687 in
501 1650 704 1687 castellum
734 1650 923 1698 perducta
952 1648 1171 1687 munitione
1200 1648 1490 1686 circumvallare

127 1725 144 1755 3
164 1715 397 1765 Pompeium
436 1714 601 1752 instituit
638 1715 736 1752 haec
774 1721 984 1764 spectans„
1006 1715 1115 1764 quod
1152 1721 1316 1764 angusta
1345 1727 1386 1752 re
1415 1715 1490 1752 fru-

163 1780 351 1818 mentaria
371 1780 561 1826 utebatur,
585 1780 773 1829 quodque
803 1778 1015 1828 Pompeius
1040 1778 1291 1817 multitudine
1311 1778 1488 1828 equitum
1509 1795 1548 1828 25

162 1844 325 1890 valebat,
349 1857 428 1893 quo
452 1843 603 1881 minore
633 1842 807 1893 periculo
832 1842 1008 1892 undique
1031 1844 1270 1881 frumentum
1295 1855 1489 1881 commea-

162 1916 326 1957 tumque
357 1908 540 1946 exercitui
571 1915 799 1958 supportare
829 1915 973 1958 posset,
1005 1907 1120 1945 simul
1150 1907 1206 1945 uti
1234 1907 1488 1957 pabulatione

163 1972 396 2022 Pompeium
423 1973 647 2022 prohiberet
676 1972 974 2022 equitatumque
994 1972 1077 2010 eius
1095 1973 1146 2010 ad
1170 1985 1251 2010 rem
1275 1972 1486 2022 gerendam

161 2036 338 2075 inutilem
371 2038 549 2084 efficeret,
584 2037 697 2075 tertio
729 2044 771 2075 ut
805 2036 1088 2082 auctoritatem,
1119 2049 1197 2085 qua
1225 2036 1289 2074 ille
1318 2035 1487 2074 maxime

160 2103 266 2151 apud
296 2109 443 2140 exteras
474 2101 652 2140 nationes
681 2101 753 2139 niti
781 2100 996 2148 videbatur,
1029 2101 1232 2148 minueret,
1263 2114 1353 2139 cum
1383 2102 1487 2138 fama
1506 2111 1547 2141 30

204 2216 223 2244 4
248 2205 398 2247 ductum]
419 2207 521 2236 ductu
541 2205 618 2236 L'T
767 2206 786 2236 8
811 2204 977 2244 legatum]
1000 2204 1129 2244 legatos
1151 2204 1183 2234 V
1310 2214 1345 2234 11
1373 2204 1423 2245 et]
1441 2215 1486 2235 ex

163 2249 202 2286 L,
215 2249 332 2289 Menge
444 2259 481 2288 13
506 2260 544 2279 ac
563 2247 758 2289 montuosa]
777 2253 810 2278 ct
828 2253 1006 2278 montuosa
1025 2248 1052 2277 L
1065 2250 1105 2286 (Ἠ
1231 2256 1267 2286 15
1293 2248 1487 2286 providerat

160 2292 289 2323 Aldus:
316 2293 469 2331 §viderat
486 2293 538 2322 E:
563 2292 763 2331 providebat
778 2291 837 2325 ΕΒ
973 2301 1009 2330 17
1037 2291 1069 2321 in
1089 2291 1222 2321 Petram
1239 2291 1424 2322 Buecheler:
1451 2291 1484 2320 in

161 2340 257 2374 petra
272 2335 321 2367 E:
351 2336 382 2365 in
402 2340 500 2374 porta
517 2339 581 2366 cett.
802 2346 842 2373 24
868 2335 951 2365 haec
970 2357 978 2365 .
997 2359 1003 2365 .
1022 2359 1028 2365 .
1046 2335 1088 2374 48
1106 2336 1121 2371 ξ
1141 2344 1159 2364 2
1176 2334 1341 2365 iaciebant
1357 2344 1424 2365 om.
1440 2333 1486 2363 D'

160 2384 320 2418 spectans
342 2379 566 2409 Vascosamts:
592 2383 795 2417 exspectans
812 2377 849 2406 X
