1705 2729
435 145 508 182 DE
540 145 719 182 BELLO
750 145 925 183 CIVILI
958 145 1059 181 LIB.
1094 146 1158 181 ΙΙΙ

142 254 344 293 movendis
373 253 510 292 castris
544 253 797 303 pluribusque
834 254 1026 292 adeundis
1061 254 1155 292 locis
1190 254 1460 293 commodiore

141 318 389 356 frumentaria
413 331 452 356 re
473 325 642 356 uteretur
662 317 855 366 simulque
881 318 918 355 in
941 318 1076 356 itinere
1097 325 1138 355 ut
1159 318 1330 367 aliquam
1352 331 1461 356 occa-

141 382 291 420 sionem
326 381 539 420 dimicandi
571 381 858 419 nancisceretur
892 389 929 420 et
964 381 1163 420 insolitum
1195 383 1246 420 ad
1286 382 1460 420 laborem

140 445 303 495 Pompei
342 446 551 485 exercitum
591 445 796 484 cotidianis
836 446 1037 484 itineribus
1077 446 1313 495 defatigaret.
1385 445 1460 483 His
1483 458 1500 487 3

102 525 118 555 5
139 509 358 548 constitutis
379 510 505 556 rebus,
521 510 631 559 signo
652 509 727 547 iam
745 509 996 559 profectionis
1013 511 1105 548 dato
1122 509 1461 559 tabernaculisque

138 573 308 612 detensis
335 573 509 611 animum
536 575 741 611 adversum
763 580 819 611 est
846 574 963 622 paulo
987 583 1077 611 ante
1098 582 1203 611 extra
1223 573 1461 611 cotidianam

139 637 464 676 consuetudinem
492 637 643 687 longius
670 651 692 675 a
712 639 813 676 vallo
843 651 927 675 esse
951 637 1075 675 aciem
1102 637 1265 686 Pompei
1292 651 1463 687 progres-

139 715 232 748 sam,
266 709 307 739 ut
339 716 418 740 non
452 701 587 751 iniquo
617 703 705 740 loco
734 715 850 751 posse
879 702 1055 740 dimicari
1084 702 1288 740 videretur.
1347 704 1462 739 Tunc
1482 715 1500 742 4

140 770 283 807 Caesar
308 771 413 818 apud
443 782 544 815 suos,
571 782 661 806 cum
692 768 768 806 iam
799 776 900 807 esset
925 782 1066 818 agmen
1096 768 1133 805 in
1165 768 1296 817 portis,
1323 768 1463 805 ‘Diffe-

83 845 121 867 10
139 833 304 870 rendum
328 834 410 879 est‚⁷
430 832 567 881 inquit,
593 832 684 870 ‘iter
714 832 753 870 in
783 833 1000 882 praesentia
1030 833 1143 870 nobis
1173 840 1211 870 et
1241 834 1290 870 de
1315 832 1463 881 proelio

138 896 402 945 cogitandum,
424 896 523 935 sicut
543 910 696 946 semper
716 897 1031 947 depoposcimus.
1090 896 1237 934 Animo
1259 910 1392 934 sumus
1413 897 1463 933 ad

137 961 406 999 dimicandum
434 961 583 1011 parati3
612 975 691 1000 non
720 962 832 1000 facile
857 962 1105 1000 occasionem
1137 968 1273 1011 postea
1302 961 1464 1011 reperie-

138 1027 249 1063 mus.’
306 1025 604 1075 Confestimque
625 1026 824 1075 expeditas
845 1026 978 1075 copias
999 1025 1141 1064 educit.

195 1089 405 1139 Pompeius
452 1103 621 1139 quoque,
667 1098 708 1127 ut
756 1098 891 1139 postea
939 1090 1139 1139 cognitum
1189 1098 1256 1136 est,
1303 1103 1461 1127 suorum
1482 1094 1536 1131 86

84 1167 119 1198 15
140 1153 316 1192 omnium
364 1155 518 1191 hortatu
565 1161 749 1192 statuerat
796 1154 945 1203 proelio
991 1155 1200 1192 decertare.
1280 1155 1463 1202 Namque

139 1218 254 1256 etiam
289 1217 327 1255 in
363 1217 527 1256 consilio
560 1218 821 1267 superioribus
854 1217 993 1256 diebus
1025 1218 1173 1256 dixerat
1204 1217 1310 1267 prius
1344 1230 1463 1267 quam

138 1289 410 1320 concurrerent
430 1282 533 1320 acies
554 1283 634 1320 fore
656 1282 710 1320 uti
731 1281 920 1320 exercitus
941 1281 1118 1321 Caesaris
1139 1283 1354 1331 pelleretur.
1416 1281 1464 1319 Id
1486 1296 1499 1316 2

139 1358 228 1384 cum
262 1352 391 1384 essent
429 1345 603 1395 plerique
641 1345 832 1392 admirati,
869 1346 981 1384 ‘Scio
1021 1347 1108 1393 me,'
1140 1345 1277 1395 inquit,
1317 1349 1464 1394 ‘paene

138 1410 406 1449 incredibilem
437 1423 516 1449 rem
547 1410 720 1460 polliceri
736 1425 745 1458 3
774 1412 843 1449 sed
873 1410 1063 1449 rationem
1093 1409 1232 1448 consili
1263 1409 1339 1447 mei
1368 1409 1466 1447 acci-

83 1487 120 1508 20
138 1475 228 1524 pite,
260 1488 339 1524 quo
369 1474 537 1513 firmiore
566 1476 699 1513 animo
729 1475 767 1513 in
796 1476 987 1525 proelium
1017 1474 1224 1524 prodeatis.
1288 1473 1464 1512 Persuasi
1486 1485 1502 1514 3

139 1539 334 1589 equitibus
366 1539 517 1586 nostris,
551 1540 670 1589 idque
703 1540 798 1578 mihi
830 1541 998 1578 facturos
1038 1540 1377 1585 confirmaverunt,
1411 1546 1463 1584 ut,

139 1617 228 1642 cum
249 1604 408 1654 propius
428 1604 476 1642 sit
495 1617 708 1651 accessum,
731 1607 909 1643 dextrum
931 1604 1107 1644 Caesaris
1129 1617 1249 1642 cornu
1277 1604 1328 1641 ab
1347 1604 1465 1641 latere

139 1676 272 1718 aperto
309 1670 608 1718 aggrederentur
642 1676 679 1707 et
714 1669 978 1708 circumventa
1011 1670 1060 1707 ab
1101 1676 1208 1718 tergo
1238 1668 1322 1706 acie
1360 1667 1465 1717 prius

139 1732 406 1781 perturbatum
438 1732 647 1771 exercitum
679 1734 866 1782 pellerent
900 1746 1018 1782 quarn
1052 1746 1074 1770 a
1113 1732 1226 1770 nobis
1265 1734 1386 1770 telum
1426 1731 1465 1769 in

83 1809 120 1839 25
140 1797 293 1834 hostem
314 1796 509 1835 iaceretur.
571 1798 631 1834 Ita
651 1796 733 1835 sine
753 1797 926 1846 periculo
947 1796 1145 1846 legionum
1166 1804 1203 1834 et
1230 1809 1355 1846 paene
1382 1796 1465 1834 sine
1484 1811 1499 1840 4

139 1861 297 1898 vulnere
332 1860 478 1898 bellum
513 1860 776 1899 conficiemus.
850 1862 897 1899 Id
928 1868 1059 1899 autem
1091 1860 1248 1898 difficile
1283 1873 1361 1898 non
1394 1869 1462 1908 est,

139 1937 229 1962 cum
274 1931 425 1962 tantum
468 1925 641 1974 equitatu
681 1926 901 1963 valeamus.'
977 1925 1101 1963 Simul
1140 1924 1385 1963 denuntiavit
1424 1933 1465 1962 ut
1485 1941 1501 1971 5

139 1996 268 2026 essent
299 1988 432 2026 animo
463 1989 584 2038 parati
619 1989 657 2026 in
690 1997 888 2038 posterum
919 1997 968 2035 et,
1000 1988 1187 2038 quoniam
1218 1989 1325 2026 fieret
1356 1988 1465 2026 dimi-

139 2052 254 2090 candi
292 2060 474 2102 potestas,
509 2061 549 2091 ut
584 2067 700 2103 saepe
738 2053 1023 2103 cogitavissent,
1065 2067 1113 2091 ne
1155 2066 1227 2091 usu
1267 2065 1464 2102 manuque

82 2128 121 2158 30
140 2116 375 2166 reliquorum
396 2118 624 2167 opinionem
645 2120 830 2157 fallerent.

195 2183 316 2219 Hune
334 2182 530 2221 Labienus
547 2183 698 2232 excepit
715 2191 762 2229 et,
779 2196 868 2221 cum
886 2183 1063 2222 Caesaris
1084 2182 1217 2232 copias
1234 2182 1462 2231 despiceret,
1484 2181 1534 2229 87

187 2293 221 2314 11
248 2284 348 2324 sicut]
369 2285 396 2315 si
415 2290 448 2315 ut
470 2284 554 2315 U'T'
728 2295 842 2316 sumus
860 2287 904 2318 B:
928 2294 1009 2316 suus
1028 2284 1191 2324 <Kz'ibler)‚
1212 2285 1293 2314 sinis
1325 2283 1461 2319 Holder)

140 2325 206 2357 D':
240 2326 344 2357 simus
376 2327 550 2358 Manutius
717 2339 759 2358 20
784 2329 818 2358 in
844 2328 945 2358 EL2:
971 2339 1035 2358 om.
1065 2332 1127 2357 cell.
1284 2326 1462 2366 proelium]

140 2369 269 2408 proelio
284 2370 324 2400 U'
415 2381 456 2410 29
481 2381 540 2401 usu
555 2381 721 2410 manuque
739 2374 852 2410 (manu
868 2370 941 2411 DB)
954 2370 1007 2400 X:
1035 2381 1098 2399 neu
1117 2381 1208 2400 suam
1223 2381 1285 2399 neu
1304 2369 1466 2409 Elberling

183 2431 275 2453 CAES.
296 2432 359 2454 B.c.
1357 2426 1376 2451 ‘st
