1705 2729
617 136 660 173 C.
695 135 809 172 IVLI
842 135 1108 172 CAESARIS

202 255 332 286 meatu
366 248 604 285 abstractum
640 246 719 296 pari
759 245 992 284 condicione
1031 246 1121 284 belli
1162 259 1293 285 secum
1326 247 1524 285 decertare

200 319 380 362 cogeret3
420 311 451 349 si
490 311 529 348 in
563 310 716 348 Italiam
755 310 941 355 transiret,
980 310 1192 348 coniuncto
1231 310 1399 349 exercitu
1433 323 1524 348 cum

203 375 379 413 Domitio
410 388 478 424 per
513 374 710 423 Illyricum
742 373 877 412 Italiae
909 373 1085 412 subsidio
1119 375 1454 424 proficisceretur3
1493 375 1525 413 si

201 439 453 488 Apolloniam
475 438 717 488 Oricumque
744 451 970 488 oppugnare
991 445 1029 476 et
1054 452 1094 476 sc
1119 439 1226 476 omni
1247 439 1439 477 maritima
1458 452 1525 477 ora

199 504 405 542 excludere
434 509 648 549 conaretur,
673 503 835 540 obsesso
861 502 1044 552 Scipione
1068 502 1287 541 necessario
1310 503 1420 540 illum
1447 502 1525 541 suis
1546 512 1563 543 5

160 584 178 612 4
198 567 384 605 auxilium
415 568 513 605 ferre
545 574 710 616 cogeret.
774 568 912 616 Itaque
949 566 1169 615 praemissis
1201 566 1346 604 nuntiis
1375 567 1425 604 ad
1450 567 1522 605 Cn.

201 631 421 669 Domitium
442 632 587 670 Caesar
613 631 764 680 scripsit
789 638 826 669 et
855 631 949 680 quid
981 631 1062 669 fieri
1082 633 1197 669 vellet
1224 631 1395 670 ostendit
1421 644 1528 680 prae-

199 695 379 745 sidioque
418 695 652 745 Apolloniae
691 696 911 734 cohortium
953 708 1026 742 1111,
1070 695 1169 733 Lissi
1208 708 1295 742 una,
1338 707 1383 732 111
1419 694 1526 734 Orici

199 760 341 798 relictis
388 760 535 810 quique
583 768 691 798 erant
735 774 780 799 ex
819 760 1041 798 vulneribus
1086 760 1189 809 aegri
1228 759 1416 810 depositis
1458 773 1526 809 per

161 838 178 868 5
202 824 364 874 Epirum
397 831 516 874 atque
547 825 824 862 Athamaniam
855 824 925 862 iter
954 826 1079 862 facere
1113 824 1252 874 coepit.
1314 823 1525 873 Pompeius
1547 835 1586 858 10

200 902 360 938 quoque
387 889 437 927 de
457 889 635 928 Caesaris
665 888 829 927 consilio
858 889 1082 927 coniectura
1108 888 1286 926 iudicans
1309 889 1360 927 ad
1381 888 1526 938 Scipio-

200 967 291 991 nem
339 954 629 1003 properandum
678 953 751 991 sibi
799 953 1053 999 existimabat,
1094 952 1126 990 si
1165 954 1309 992 Caesar
1350 952 1420 991 iter
1459 952 1525 991 illo

200 1019 371 1065 haberet,
406 1025 449 1056 ut
478 1017 697 1056 subsidium
728 1017 901 1067 Scipioni
931 1019 1054 1064 ferret,
1087 1016 1118 1055 si
1146 1017 1196 1055 ab
1231 1030 1299 1055 ora
1331 1016 1525 1055 maritima

201 1082 399 1131 Oricoque
428 1081 631 1120 discedere
660 1083 791 1128 nollet,
821 1082 929 1131 quod
956 1081 1128 1130 legiones
1156 1080 1453 1131 equitatumque
1479 1094 1525 1119 ex

202 1146 314 1184 Italia
340 1153 590 1196 exspectaret,
614 1145 697 1195 ipse
724 1153 765 1184 ut
792 1145 976 1184 omnibus
1003 1145 1126 1195 copiis
1148 1145 1368 1184 Domitium
1397 1158 1526 1195 aggre-
1546 1159 1583 1192 15

200 1212 364 1249 deretur.

125 1289 180 1326 79
257 1275 332 1312 His
357 1276 407 1313 de
434 1274 560 1313 causis
590 1282 754 1324 uterque
780 1287 915 1313 eorum
945 1274 1131 1313 celeritati
1160 1275 1353 1321 studebat,
1381 1282 1420 1312 et
1446 1274 1525 1313 suis

201 1346 242 1377 ut
264 1347 365 1377 esset
384 1339 537 1386 auxilio,
560 1345 598 1377 et
619 1341 670 1377 ad
697 1339 977 1389 opprimendos
997 1339 1237 1377 adversarios
1257 1352 1307 1377 ne
1326 1338 1524 1377 occasioni

165 1423 178 1443 2
201 1404 386 1454 temporis
407 1405 570 1443 deesset.
619 1405 697 1442 Sed
719 1405 927 1442 Caesarem
948 1403 1159 1452 Apollonia
1178 1416 1200 1440 a
1219 1402 1369 1441 directo
1388 1402 1525 1441 itinere

199 1476 387 1507 averterat
403 1483 413 1515 3
456 1467 667 1518 Pompeius
699 1481 767 1517 per
797 1467 1038 1506 Candaviam
1070 1466 1140 1505 iter
1173 1466 1213 1504 in
1245 1466 1524 1505 Macedoniam
1545 1482 1585 1504 20

163 1548 180 1577 3
201 1533 426 1582 expeditum
465 1533 646 1570 habebat.
716 1531 892 1569 Accessit
931 1531 1047 1569 etiam
1086 1544 1132 1569 ex
1170 1530 1382 1580 improviso
1418 1530 1525 1569 aliud

201 1597 511 1643 incommodum,
547 1597 655 1645 quod
689 1595 886 1634 Domitius
917 1609 997 1633 cum
1030 1595 1112 1633 dies
1148 1594 1357 1644 compluris
1391 1594 1525 1632 castris

201 1662 394 1711 Scipionis
415 1669 539 1699 castra
565 1662 706 1699 collata
732 1660 943 1707 habuisset,
967 1659 1019 1698 rei
1046 1659 1318 1697 frumentariae
1340 1672 1456 1697 causa
1474 1659 1526 1697 ab

200 1740 248 1764 eo
277 1726 507 1764 discesserat
536 1732 574 1763 et
602 1725 827 1763 Heracliam
860 1722 1102 1776 [Senticam]‚
1134 1737 1235 1773 quae
1264 1731 1321 1761 est
1351 1723 1525 1761 subiecta

201 1790 437 1837 Candaviae,
466 1789 537 1828 iter
562 1791 716 1836 fecerat,
745 1797 787 1827 ut
814 1789 896 1838 ipsa
920 1790 1074 1826 fortuna
1100 1788 1209 1826 illum
1236 1788 1392 1826 obicere
1412 1789 1526 1825 Pom·
1545 1800 1584 1831 25

201 1855 289 1905 peio
328 1855 531 1893 videretur.
606 1855 720 1891 Haec
761 1855 811 1892 ad
856 1853 895 1891 id
935 1860 1089 1902 tempus
1129 1854 1272 1892 Caesar
1309 1852 1522 1902 ignorabat.

112 1924 113 1927 ’
161 1936 181 1964 4
202 1919 324 1957 Simul
351 1933 373 1957 a
398 1918 589 1968 Pompeio
612 1918 746 1956 litteris
771 1931 839 1967 per
868 1917 995 1955 omnis
1026 1917 1243 1966 provincias
1273 1916 1526 1965 civitatesque

201 1983 370 2021 dimissis
398 1984 448 2021 de
474 1982 623 2032 proelio
649 1983 699 2020 ad
722 1981 979 2031 Dyrrachium
1007 1983 1109 2019 facto
1137 1981 1249 2018 latius
1277 1980 1526 2030 inflatiusque

203 2050 326 2086 multo
366 2061 484 2097 quam
525 2061 584 2085 res
623 2055 702 2085 erat
741 2054 858 2095 gesta,
900 2048 1002 2084 fama
1040 2046 1330 2095 percrebruerat
1368 2046 1525 2094 pulsum

244 2165 262 2192 4
287 2164 323 2184 se
352 2154 441 2184 omni
466 2153 598 2182 Aldus:
638 2153 665 2182 si
682 2153 770 2182 omni
788 2151 825 2180 X
1001 2161 1038 2181 10
1062 2150 1298 2181 Athamaniam
1321 2150 1524 2181 Drumann:

200 2197 372 2227 Acharnia
394 2196 440 2227 V:
465 2196 692 2225 Acarnaniam
718 2198 779 2224 cett.
918 2205 954 2232 14
980 2194 1082 2223 Orico
1108 2192 1302 2232 thbpmrlqv:
1329 2193 1457 2222 Coritio
1478 2192 1524 2222 V:

202 2241 271 2270 cori
289 2242 326 2279 (y
345 2240 388 2279 L)
407 2240 458 2269 cia
474 2239 566 2268 L‘T:
592 2238 776 2276 macorytia
794 2237 828 2266 D
847 2248 852 2267 :
880 2237 994 2266 Oricia
1012 2235 1192 2266 Markland
1323 2245 1360 2274 15
1385 2245 1524 2274 exspec-

202 2288 289 2313 taret
306 2282 365 2313 EL
381 2294 386 2312 :
412 2286 582 2321 spectaret
601 2285 663 2311 cett.
822 2282 860 2310 18
884 2285 917 2310 et
934 2279 1008 2310 add.
1029 2278 1141 2309 Aldus
1298 2289 1336 2317 19
1360 2289 1379 2308 a
1396 2279 1525 2309 directo

208 2324 299 2357 VL2'2
336 2336 354 2356 a
372 2327 508 2356 derecto
530 2324 627 2354 UL12
653 2324 694 2354 ad
719 2330 832 2354 erecto
857 2323 898 2354 T:
936 2334 953 2353 a
971 2327 1062 2352 recto
1085 2321 1129 2351 D‘
1288 2332 1327 2351 22
1353 2331 1426 2351 cum
1448 2321 1522 2352 add.

204 2369 293 2399 Paul
422 2379 461 2406 24
488 2367 659 2398 Senticam
676 2366 733 2397 del.
756 2367 910 2397 Cellarms
