1705 2729
626 142 860 181 INCERTI
893 141 1175 179 AVCTORIS

239 263 409 305 possent,
446 252 519 306 [ut]
560 255 669 291 locus
701 253 739 290 in
771 252 895 291 aciem
931 253 981 291 ad
1013 250 1233 290 subsidium
1264 250 1447 289 veniendi
1483 264 1563 288 non

200 326 219 356 6
238 321 403 357 daretur.
467 321 526 356 Ita
550 331 641 356 cum
669 319 816 356 clamor
845 325 946 355 esset
976 316 1219 355 intermixtus
1243 315 1390 366 gemitu
1418 315 1565 366 gladio-

238 398 403 434 rumque
420 383 589 433 crepitus
610 382 767 420 auribus
789 382 954 429 oblatus,
974 380 1241 431 imperitorum
1263 379 1405 418 mentis
1425 379 1565 418 timore

203 463 217 496 7
239 448 529 499 praepediebat.
591 447 681 493 Hic,
705 455 746 485 ut
761 447 815 485 ait
837 446 998 493 Ennius,
1018 459 1086 496 pes
1106 446 1208 495 pede
1229 444 1426 495 premitur,
1448 443 1565 482 armis

239 521 414 552 teruntur
452 526 569 559 arma,
605 511 925 561 adversariosque
964 509 1307 549 vehementissime
1345 516 1565 560 pugnantes

201 587 218 616 S
239 578 361 617 nostri
381 592 494 629 agere
515 585 729 627 coeperunt
748 592 756 624 3
787 576 930 626 quibus
951 575 1143 626 oppidum
1165 574 1236 612 fuit
1257 573 1444 613 subsidio.
1505 575 1567 612 Ita

239 644 332 694 ipsis
365 642 610 681 Liberalibus
645 641 719 679 fusi
753 641 952 691 fugatique
983 653 1063 679 non
1096 638 1386 689 superfuissent,
1421 637 1494 676 nisi
1525 637 1565 676 in

200 722 329 753 9eum
370 709 501 746 locum
540 706 807 756 confugissent
846 719 892 743 ex
932 718 1011 754 quo
1050 711 1159 742 erant
1190 702 1342 752 egressi.
1404 703 1451 741 In
1486 715 1566 752 quo

238 772 387 823 proelio
418 771 644 810 ceciderunt
674 770 780 808 milia
809 769 1015 808 hominum
1045 768 1196 807 circiter
1225 779 1314 805 xxx
1345 774 1383 805 et
1410 766 1442 805 si
1469 766 1566 816 quid

237 838 415 888 amplius,
448 844 646 887 praeterea
680 835 887 881 Labienus,
925 834 1054 872 Attius
1084 836 1220 880 Varus,
1253 832 1397 882 quibus
1427 831 1565 870 occisis

238 902 411 952 utrisque
432 903 548 940 funus
577 908 635 939 est
655 902 813 946 factum,
843 899 1017 948 itemque
1047 898 1197 948 equites
1226 896 1398 935 Romani
1425 896 1565 946 partim

181 980 219 1001 10
239 981 284 1005 ex
305 967 400 1005 urbe
422 966 561 1015 partim
583 979 629 1003 ex
649 964 849 1014 provincia
874 964 924 1002 ad
950 963 1055 1000 milia
1084 974 1140 1000 111.
1202 961 1335 1000 Nostri
1356 959 1566 1000 desiderati

238 1033 288 1071 ad
305 1031 512 1070 hominum
541 1030 646 1068 mille
671 1029 810 1080 partim
839 1028 1015 1078 equitum
1043 1026 1182 1077 partim
1204 1025 1382 1076 pediturn
1397 1039 1407 1073 3
1446 1024 1566 1063 saucii

183 1107 215 1129 11
237 1098 288 1135 ad
319 1109 346 1133 D
377 1095 698 1134 Adversariorum
728 1094 881 1144 aquilae
911 1101 1001 1132 sunt
1030 1092 1184 1130 ablatae
1214 1103 1291 1129 X111
1321 1098 1358 1129 et
1388 1090 1498 1141 signa
1527 1097 1566 1128 et

240 1162 362 1199 fasces
384 1167 583 1210 praeterea
603 1161 674 1198 hos
696 1158 832 1197 habuit
853 1189 859 1195 .
885 1189 890 1196 .
916 1189 922 1196 .

169 1234 221 1272 32
294 1256 300 1262 .
326 1256 332 1262 .
357 1256 363 1263 .
388 1239 433 1263 ex
454 1226 544 1274 fuga
565 1226 638 1262 hac
658 1223 725 1273 qui
746 1223 938 1273 oppidum
962 1223 1157 1261 Mundam
1178 1220 1251 1259 sibi
1272 1219 1568 1259 constituissent

241 1289 490 1339 praesidium,
525 1288 726 1338 nostrique
765 1288 1007 1337 cogebantur
1046 1285 1267 1325 necessario
1301 1298 1368 1324 eos
1407 1284 1568 1323 circum-

204 1371 219 1392 2
241 1355 391 1392 vallare.
454 1356 512 1391 Ex
541 1352 713 1391 hostium
742 1352 858 1390 armis
889 1365 959 1401 pro
988 1350 1160 1401 caespite
1190 1351 1380 1388 cadavera
1403 1350 1568 1387 colloca-

241 1419 391 1464 bantur,
415 1426 524 1456 scuta
545 1425 582 1456 et
609 1417 687 1467 pila
710 1430 779 1466 pro
800 1417 901 1455 vallo
920 1431 928 1463 ;
972 1416 1129 1465 insuper
1150 1414 1293 1455 †occisi
1314 1422 1352 1452 et
1374 1412 1505 1464 gladio
1526 1420 1568 1451 ut

241 1496 376 1522 mucro
398 1487 459 1522 et†
490 1481 617 1532 capita
647 1481 853 1519 hominum
880 1480 1058 1519 ordinata
1082 1481 1133 1518 ad
1161 1478 1352 1529 oppidum
1381 1491 1569 1517 conversa

240 1547 429 1593 universa,
447 1546 619 1585 hostium
641 1545 821 1584 timorem
844 1576 849 1583 .
876 1576 881 1582 .
907 1576 913 1583 .
938 1544 1168 1594 virtutisque
1182 1542 1348 1594 insignia
1369 1541 1569 1593 proposita

204 1612 416 1653 3viderent
450 1620 488 1649 et
519 1612 621 1649 vallo
653 1611 1052 1649 circumcluderentur
1086 1607 1305 1648 adversarii.
1366 1609 1428 1646 Ita
1466 1606 1569 1646 Galli

241 1677 397 1728 tragulis
420 1676 635 1726 iaculisque
662 1676 853 1726 oppidum
885 1689 931 1714 ex
958 1675 1130 1713 hostium
1159 1672 1414 1712 cadaveribus
1443 1669 1567 1724 [sunt]

203 1758 221 1787 4
240 1742 493 1793 circumplexi
515 1755 742 1792 oppugnare
763 1748 987 1791 coeperunt.
1049 1742 1107 1778 Ex
1128 1741 1204 1778 hoc
1220 1738 1369 1789 proelio
1389 1736 1568 1776 Valerius

240 1809 473 1846 adulescens
513 1807 743 1846 Cordubam
782 1819 873 1844 cum
915 1804 1050 1855 paucis
1091 1803 1288 1854 equitibus
1319 1801 1415 1852 fugit
1434 1816 1443 1849 3
1480 1803 1566 1840 Sex.

203 1879 220 1910 5
243 1872 444 1922 Pompeio,
465 1871 531 1922 qui
553 1871 764 1910 Cordubae
785 1870 930 1917 fuisset,
949 1883 1030 1908 rem
1051 1876 1200 1919 gestam
1214 1869 1337 1907 refert.
1397 1866 1569 1917 Cognito

241 1938 318 1976 hoc
349 1936 518 1986 negotio,
553 1949 653 1986 quos
686 1935 836 1985 equites
877 1948 1011 1973 secum
1046 1933 1194 1980 habuit,
1231 1933 1340 1983 quod
1378 1930 1569 1982 pecuniae

289 2050 300 2070 1
329 2044 373 2079 ut,
382 2040 527 2079 fortasse
541 2040 573 2070 in
591 2044 626 2070 at
644 2039 857 2077 mutandum,
876 2039 992 2070 seclusi
1163 2048 1182 2068 2
1205 2037 1330 2076 gemitu
1351 2035 1400 2067 V:
1425 2035 1570 2074 gemitus

242 2087 306 2114 cett.
407 2094 427 2122 3
451 2084 581 2122 crepitu
602 2082 633 2112 V
720 2083 820 2113 timor
839 2082 1045 2113 Vascosanns
1172 2091 1209 2119 13
1235 2079 1393 2120 mille]00
1409 2081 1431 2114 β
1448 2091 1455 2110 :
1479 2089 1518 2110 co
1533 2078 1570 2108 D

246 2137 283 2165 14
307 2127 348 2157 ad
367 2137 388 2157 D
409 2127 470 2157 U':
502 2138 521 2157 a
545 2127 586 2157 de
610 2126 664 2156 D:
705 2131 843 2165 praeter
863 2125 913 2156 V:
956 2136 1020 2155 om.
1046 2124 1074 2155 T
1238 2124 1445 2162 Interfinem
1469 2123 1569 2152 huius

242 2170 352 2211 capitis
378 2174 407 2200 et
429 2170 561 2200 initium
591 2169 751 2210 sequentis
778 2169 924 2199 excidisse
956 2167 1082 2208 aliquid
1106 2167 1186 2198 vadit
1214 2166 1396 2206 Nipperdey
1530 2166 1568 2196 18

241 2218 335 2244 scuta
353 2218 386 2244 et
404 2213 472 2252 pila
490 2223 550 2252 pro
568 2214 664 2247 vallo.
686 2223 747 2252 pro
765 2213 915 2252 caespite
933 2213 1098 2242 cadavera
1121 2210 1373 2241 collocabantur
1388 2208 1570 2250 Nipperdey

241 2257 373 2296 gladios
399 2256 448 2287 V:
473 2257 584 2295 gladia
597 2256 722 2287 DU²F
848 2266 887 2295 19
911 2254 1028 2294 occisi]
1046 2254 1178 2285 abscisa
1197 2253 1396 2293 Oudendorp
1526 2263 1569 2282 20

243 2311 357 2332 moero
383 2300 439 2331 D:
471 2310 664 2331 mucronem
693 2299 724 2329 V
933 2299 965 2329 in
991 2299 1177 2337 gladiorum
1203 2307 1363 2328 mucrone
1386 2295 1570 2336 Nipperdey

243 2355 281 2374 ΩΙ
308 2347 382 2374 (mle
399 2344 545 2375 hostium
564 2344 655 2375 inser.
676 2349 711 2373 ut
730 2348 762 2373 ct
779 2343 819 2373 ad
837 2343 1027 2382 Hoffmann
1200 2344 1276 2381 post
1291 2340 1445 2372 timorem
1462 2339 1567 2370 lacnn.

244 2391 368 2419 notavit
381 2387 560 2428 Nipperdey
691 2397 732 2425 23
757 2392 834 2417 sunt
855 2397 920 2417 om.
940 2385 1003 2417 cod.
1020 2385 1143 2423 Peraea,
1162 2384 1231 2415 cdd.
1347 2394 1387 2422 24
1411 2382 1568 2413 Valerius

247 2431 296 2463 V:
322 2431 471 2462 Falerius
488 2434 550 2462 cett.

1585 522 1602 553 (Β

1587 846 1626 868 10

1588 1171 1625 1203 15

1589 1496 1627 1517 20

1589 1818 1626 1850 25
