<?xml version="1.0" encoding="UTF-8"?>
<!DOCTYPE html PUBLIC "-//W3C//DTD XHTML 1.0 Transitional//EN"
    "http://www.w3.org/TR/xhtml1/DTD/xhtml1-transitional.dtd">
<html xmlns="http://www.w3.org/1999/xhtml" xml:lang="en" lang="en">
 <head>
  <title>
</title>
<meta http-equiv="Content-Type" content="text/html;charset=utf-8" />
  <meta name='ocr-system' content='tesseract 3.04.00' />
  <meta name='ocr-capabilities' content='ocr_page ocr_carea ocr_par ocr_line ocrx_word'/>
</head>
<body>
  <div class='ocr_page' id='page_1' title='image "./commentariorumpa02caesuoft_0050.png"; bbox 0 0 1705 2729; ppageno 0'>
   <div class='ocr_carea' id='block_1_1' title="bbox 580 123 1076 161">
    <p class='ocr_par' dir='ltr' id='par_1_1' title="bbox 580 123 1076 161">
     <span class='ocr_line' id='line_1_1' title="bbox 580 123 1076 161; baseline 0 -2"><span class='ocrx_word' id='word_1_1' title='bbox 580 124 623 161; x_wconf 81' lang='lat' dir='ltr'>C.</span> <span class='ocrx_word' id='word_1_2' title='bbox 660 123 774 160; x_wconf 81' lang='lat' dir='ltr'>IVLI</span> <span class='ocrx_word' id='word_1_3' title='bbox 807 123 1076 161; x_wconf 63' lang='lat' dir='ltr'>CAESARIS</span> 
     </span>
    </p>
   </div>
   <div class='ocr_carea' id='block_1_2' title="bbox 84 234 1552 2231">
    <p class='ocr_par' dir='ltr' id='par_1_2' title="bbox 166 234 1489 284">
     <span class='ocr_line' id='line_1_2' title="bbox 166 234 1489 284; baseline 0 -13"><span class='ocrx_word' id='word_1_4' title='bbox 166 235 331 273; x_wconf 86' lang='lat' dir='ltr'>militum</span> <span class='ocrx_word' id='word_1_5' title='bbox 382 243 418 272; x_wconf 81' lang='lat' dir='ltr'>et</span> <span class='ocrx_word' id='word_1_6' title='bbox 478 234 751 272; x_wconf 83' lang='lat' dir='ltr'>centurionum</span> <span class='ocrx_word' id='word_1_7' title='bbox 808 234 1065 283; x_wconf 71' lang='lat' dir='ltr'>praesentiam</span> <span class='ocrx_word' id='word_1_8' title='bbox 1108 235 1282 281; x_wconf 75' lang='lat' dir='ltr'>adferre3</span> <span class='ocrx_word' id='word_1_9' title='bbox 1347 234 1489 284; x_wconf 81' lang='lat' dir='ltr'>quibus</span> 
     </span>
    </p>

    <p class='ocr_par' dir='ltr' id='par_1_3' title="bbox 124 298 1491 477">
     <span class='ocr_line' id='line_1_3' title="bbox 124 298 1490 347; baseline 0.001 -11"><span class='ocrx_word' id='word_1_10' title='bbox 124 311 139 341; x_wconf 74' lang='lat'>5</span> <span class='ocrx_word' id='word_1_11' title='bbox 163 299 278 337; x_wconf 81' lang='lat' dir='ltr'>rebus</span> <span class='ocrx_word' id='word_1_12' title='bbox 300 298 467 337; x_wconf 81' lang='lat' dir='ltr'>coerceri</span> <span class='ocrx_word' id='word_1_13' title='bbox 491 298 631 337; x_wconf 84' lang='lat' dir='ltr'>milites</span> <span class='ocrx_word' id='word_1_14' title='bbox 653 306 690 336; x_wconf 86' lang='lat' dir='ltr'>et</span> <span class='ocrx_word' id='word_1_15' title='bbox 712 298 749 336; x_wconf 86' lang='lat' dir='ltr'>in</span> <span class='ocrx_word' id='word_1_16' title='bbox 771 298 901 336; x_wconf 87' lang='lat' dir='ltr'>officio</span> <span class='ocrx_word' id='word_1_17' title='bbox 922 298 1113 336; x_wconf 78' lang='lat' dir='ltr'>contineri</span> <span class='ocrx_word' id='word_1_18' title='bbox 1138 300 1298 336; x_wconf 76' lang='lat' dir='ltr'>soleant.</span> <span class='ocrx_word' id='word_1_19' title='bbox 1358 303 1490 347; x_wconf 79' lang='lat' dir='ltr'>Quare</span> 
     </span>
     <span class='ocr_line' id='line_1_4' title="bbox 161 362 1491 412; baseline 0 -12"><span class='ocrx_word' id='word_1_20' title='bbox 161 363 268 401; x_wconf 87' lang='lat' dir='ltr'>omni</span> <span class='ocrx_word' id='word_1_21' title='bbox 315 363 463 401; x_wconf 85' lang='lat' dir='ltr'>ratione</span> <span class='ocrx_word' id='word_1_22' title='bbox 509 377 593 401; x_wconf 84' lang='lat' dir='ltr'>esse</span> <span class='ocrx_word' id='word_1_23' title='bbox 636 362 804 400; x_wconf 78' lang='lat' dir='ltr'>interdiu</span> <span class='ocrx_word' id='word_1_24' title='bbox 844 363 1201 412; x_wconf 77' lang='lat' dir='ltr'><strong>perrumpendum:</strong></span> <span class='ocrx_word' id='word_1_25' title='bbox 1250 362 1321 400; x_wconf 86' lang='lat' dir='ltr'>etsi</span> <span class='ocrx_word' id='word_1_26' title='bbox 1359 362 1491 412; x_wconf 84' lang='lat' dir='ltr'>aliquo</span> 
     </span>
     <span class='ocr_line' id='line_1_5' title="bbox 162 426 1490 477; baseline -0.001 -12"><span class='ocrx_word' id='word_1_27' title='bbox 162 436 326 477; x_wconf 80' lang='lat' dir='ltr'>accepto</span> <span class='ocrx_word' id='word_1_28' title='bbox 363 427 610 474; x_wconf 84' lang='lat' dir='ltr'>detrimento,</span> <span class='ocrx_word' id='word_1_29' title='bbox 645 435 777 465; x_wconf 82' lang='lat' dir='ltr'>tamen</span> <span class='ocrx_word' id='word_1_30' title='bbox 812 440 967 465; x_wconf 83' lang='lat' dir='ltr'>summa</span> <span class='ocrx_word' id='word_1_31' title='bbox 997 426 1187 465; x_wconf 80' lang='lat' dir='ltr'>exercitus</span> <span class='ocrx_word' id='word_1_32' title='bbox 1221 428 1325 464; x_wconf 82' lang='lat' dir='ltr'>salva</span> <span class='ocrx_word' id='word_1_33' title='bbox 1359 429 1490 465; x_wconf 89' lang='lat' dir='ltr'>locum</span> 
     </span>
    </p>

    <p class='ocr_par' dir='ltr' id='par_1_4' title="bbox 123 491 1526 607">
     <span class='ocr_line' id='line_1_6' title="bbox 123 491 1526 542; baseline 0.001 -13"><span class='ocrx_word' id='word_1_34' title='bbox 123 500 141 528; x_wconf 78' lang='lat'><em>0</em></span> <span class='ocrx_word' id='word_1_35' title='bbox 163 507 281 542; x_wconf 81' lang='lat' dir='ltr'>quem</span> <span class='ocrx_word' id='word_1_36' title='bbox 303 500 437 542; x_wconf 88' lang='lat' dir='ltr'>petant</span> <span class='ocrx_word' id='word_1_37' title='bbox 458 492 544 542; x_wconf 85' lang='lat' dir='ltr'>capi</span> <span class='ocrx_word' id='word_1_38' title='bbox 565 506 691 542; x_wconf 91' lang='lat' dir='ltr'>posse.</span> <span class='ocrx_word' id='word_1_39' title='bbox 754 494 867 530; x_wconf 86' lang='lat' dir='ltr'>Haec</span> <span class='ocrx_word' id='word_1_40' title='bbox 888 491 1007 529; x_wconf 86' lang='lat' dir='ltr'>vincit</span> <span class='ocrx_word' id='word_1_41' title='bbox 1028 491 1065 528; x_wconf 93' lang='lat' dir='ltr'>in</span> <span class='ocrx_word' id='word_1_42' title='bbox 1094 491 1258 530; x_wconf 89' lang='lat' dir='ltr'>consilio</span> <span class='ocrx_word' id='word_1_43' title='bbox 1285 491 1488 538; x_wconf 86' lang='lat' dir='ltr'>sententia,</span> <span class='ocrx_word' id='word_1_44' title='bbox 1510 501 1526 532; x_wconf 86' lang='lat'>5</span> 
     </span>
     <span class='ocr_line' id='line_1_7' title="bbox 163 555 1149 607; baseline -0.002 -12"><span class='ocrx_word' id='word_1_45' title='bbox 163 565 201 595; x_wconf 84' lang='lat' dir='ltr'>ct</span> <span class='ocrx_word' id='word_1_46' title='bbox 222 557 345 606; x_wconf 80' lang='lat' dir='ltr'>prima</span> <span class='ocrx_word' id='word_1_47' title='bbox 365 559 452 595; x_wconf 91' lang='lat' dir='ltr'>luce</span> <span class='ocrx_word' id='word_1_48' title='bbox 472 556 660 607; x_wconf 80' lang='lat' dir='ltr'>postridie</span> <span class='ocrx_word' id='word_1_49' title='bbox 681 556 925 594; x_wconf 89' lang='lat' dir='ltr'>constituunt</span> <span class='ocrx_word' id='word_1_50' title='bbox 946 555 1149 605; x_wconf 84' lang='lat' dir='ltr'>proficisci.</span> 
     </span>
    </p>

    <p class='ocr_par' dir='ltr' id='par_1_5' title="bbox 89 620 1552 866">
     <span class='ocr_line' id='line_1_8' title="bbox 89 620 1490 671; baseline -0.002 -10"><span class='ocrx_word' id='word_1_51' title='bbox 89 625 142 662; x_wconf 89' lang='lat'>68</span> <span class='ocrx_word' id='word_1_52' title='bbox 218 623 362 660; x_wconf 85' lang='lat' dir='ltr'>Caesar</span> <span class='ocrx_word' id='word_1_53' title='bbox 388 621 595 671; x_wconf 75' lang='lat' dir='ltr'>exploratis</span> <span class='ocrx_word' id='word_1_54' title='bbox 622 620 846 671; x_wconf 84' lang='lat' dir='ltr'>regionibus</span> <span class='ocrx_word' id='word_1_55' title='bbox 872 621 1030 658; x_wconf 75' lang='lat' dir='ltr'>albente</span> <span class='ocrx_word' id='word_1_56' title='bbox 1060 621 1169 658; x_wconf 90' lang='lat' dir='ltr'>caelo</span> <span class='ocrx_word' id='word_1_57' title='bbox 1199 620 1327 658; x_wconf 88' lang='lat' dir='ltr'>omnis</span> <span class='ocrx_word' id='word_1_58' title='bbox 1357 620 1490 670; x_wconf 85' lang='lat' dir='ltr'>copias</span> 
     </span>
     <span class='ocr_line' id='line_1_9' title="bbox 162 684 1491 736; baseline 0 -13"><span class='ocrx_word' id='word_1_59' title='bbox 162 686 296 724; x_wconf 86' lang='lat' dir='ltr'>castris</span> <span class='ocrx_word' id='word_1_60' title='bbox 328 686 460 724; x_wconf 78' lang='lat' dir='ltr'>educit</span> <span class='ocrx_word' id='word_1_61' title='bbox 492 699 715 736; x_wconf 84' lang='lat' dir='ltr'>magnoque</span> <span class='ocrx_word' id='word_1_62' title='bbox 746 684 909 724; x_wconf 87' lang='lat' dir='ltr'>circuitu</span> <span class='ocrx_word' id='word_1_63' title='bbox 942 686 1050 723; x_wconf 92' lang='lat' dir='ltr'>nullo</span> <span class='ocrx_word' id='word_1_64' title='bbox 1082 692 1188 723; x_wconf 89' lang='lat' dir='ltr'>certo</span> <span class='ocrx_word' id='word_1_65' title='bbox 1220 684 1356 723; x_wconf 86' lang='lat' dir='ltr'>itinere</span> <span class='ocrx_word' id='word_1_66' title='bbox 1390 699 1491 723; x_wconf 77' lang='lat' dir='ltr'>exer—</span> 
     </span>
     <span class='ocr_line' id='line_1_10' title="bbox 163 749 1490 800; baseline -0.001 -12"><span class='ocrx_word' id='word_1_67' title='bbox 163 750 283 788; x_wconf 88' lang='lat' dir='ltr'>citum</span> <span class='ocrx_word' id='word_1_68' title='bbox 319 751 436 789; x_wconf 89' lang='lat' dir='ltr'>ducit.</span> <span class='ocrx_word' id='word_1_69' title='bbox 511 752 695 800; x_wconf 77' lang='lat' dir='ltr'>Namque</span> <span class='ocrx_word' id='word_1_70' title='bbox 734 750 870 788; x_wconf 86' lang='lat' dir='ltr'>itinera</span> <span class='ocrx_word' id='word_1_71' title='bbox 908 764 1009 799; x_wconf 88' lang='lat' dir='ltr'>quae</span> <span class='ocrx_word' id='word_1_72' title='bbox 1046 751 1097 788; x_wconf 90' lang='lat' dir='ltr'>ad</span> <span class='ocrx_word' id='word_1_73' title='bbox 1138 749 1332 788; x_wconf 88' lang='lat' dir='ltr'>Hiberum</span> <span class='ocrx_word' id='word_1_74' title='bbox 1372 758 1490 799; x_wconf 88' lang='lat' dir='ltr'>atque</span> 
     </span>
     <span class='ocr_line' id='line_1_11' title="bbox 165 814 1552 866; baseline -0.001 -12"><span class='ocrx_word' id='word_1_75' title='bbox 165 816 401 866; x_wconf 84' lang='lat' dir='ltr'>Octogcsam</span> <span class='ocrx_word' id='word_1_76' title='bbox 423 815 671 866; x_wconf 77' lang='lat' dir='ltr'>pertinebant</span> <span class='ocrx_word' id='word_1_77' title='bbox 692 815 825 854; x_wconf 84' lang='lat' dir='ltr'>castris</span> <span class='ocrx_word' id='word_1_78' title='bbox 847 815 1019 853; x_wconf 89' lang='lat' dir='ltr'>hostiurn</span> <span class='ocrx_word' id='word_1_79' title='bbox 1036 814 1226 864; x_wconf 90' lang='lat' dir='ltr'>oppositis</span> <span class='ocrx_word' id='word_1_80' title='bbox 1243 815 1487 852; x_wconf 86' lang='lat' dir='ltr'>tenebantur.</span> <span class='ocrx_word' id='word_1_81' title='bbox 1515 829 1552 851; x_wconf 89' lang='grc' dir='ltr'>ιο</span> 
     </span>
    </p>

    <p class='ocr_par' dir='ltr' id='par_1_6' title="bbox 126 879 1491 1060">
     <span class='ocr_line' id='line_1_12' title="bbox 126 879 1487 930; baseline 0.001 -13"><span class='ocrx_word' id='word_1_82' title='bbox 126 896 139 916; x_wconf 79' lang='lat'>2</span> <span class='ocrx_word' id='word_1_83' title='bbox 165 880 245 930; x_wconf 88' lang='lat' dir='ltr'>Ipsi</span> <span class='ocrx_word' id='word_1_84' title='bbox 276 889 383 919; x_wconf 86' lang='lat' dir='ltr'>erant</span> <span class='ocrx_word' id='word_1_85' title='bbox 414 881 752 919; x_wconf 75' lang='lat' dir='ltr'>transcendendae</span> <span class='ocrx_word' id='word_1_86' title='bbox 781 881 900 918; x_wconf 73' lang='lat' dir='ltr'>valles</span> <span class='ocrx_word' id='word_1_87' title='bbox 931 880 1122 918; x_wconf 74' lang='lat' dir='ltr'>maximae</span> <span class='ocrx_word' id='word_1_88' title='bbox 1151 893 1196 917; x_wconf 83' lang='lat' dir='ltr'>ac</span> <span class='ocrx_word' id='word_1_89' title='bbox 1226 879 1487 926; x_wconf 82' lang='lat' dir='ltr'>difficillimae,</span> 
     </span>
     <span class='ocr_line' id='line_1_13' title="bbox 163 945 1491 996; baseline -0.001 -13"><span class='ocrx_word' id='word_1_90' title='bbox 163 959 253 984; x_wconf 80' lang='lat' dir='ltr'>saxa</span> <span class='ocrx_word' id='word_1_91' title='bbox 284 946 414 984; x_wconf 89' lang='lat' dir='ltr'>multis</span> <span class='ocrx_word' id='word_1_92' title='bbox 444 946 540 985; x_wconf 92' lang='lat' dir='ltr'>locis</span> <span class='ocrx_word' id='word_1_93' title='bbox 570 954 776 996; x_wconf 88' lang='lat' dir='ltr'>praerupta</span> <span class='ocrx_word' id='word_1_94' title='bbox 806 945 876 984; x_wconf 88' lang='lat' dir='ltr'>iter</span> <span class='ocrx_word' id='word_1_95' title='bbox 905 945 1184 995; x_wconf 85' lang='lat' dir='ltr'>impediebant,</span> <span class='ocrx_word' id='word_1_96' title='bbox 1217 953 1259 983; x_wconf 92' lang='lat' dir='ltr'>ut</span> <span class='ocrx_word' id='word_1_97' title='bbox 1288 958 1394 983; x_wconf 84' lang='lat' dir='ltr'>arma</span> <span class='ocrx_word' id='word_1_98' title='bbox 1423 958 1491 994; x_wconf 91' lang='lat' dir='ltr'>per</span> 
     </span>
     <span class='ocr_line' id='line_1_14' title="bbox 164 1009 1491 1060; baseline 0 -13"><span class='ocrx_word' id='word_1_99' title='bbox 164 1024 301 1048; x_wconf 87' lang='lat' dir='ltr'>manus</span> <span class='ocrx_word' id='word_1_100' title='bbox 329 1010 548 1049; x_wconf 86' lang='lat' dir='ltr'>necessario</span> <span class='ocrx_word' id='word_1_101' title='bbox 575 1012 818 1049; x_wconf 81' lang='lat' dir='ltr'>traderentur</span> <span class='ocrx_word' id='word_1_102' title='bbox 845 1010 1066 1060; x_wconf 84' lang='lat' dir='ltr'>militesque</span> <span class='ocrx_word' id='word_1_103' title='bbox 1092 1010 1260 1048; x_wconf 88' lang='lat' dir='ltr'>inermes</span> <span class='ocrx_word' id='word_1_104' title='bbox 1287 1009 1491 1048; x_wconf 86' lang='lat' dir='ltr'>sublevati-</span> 
     </span>
    </p>

    <p class='ocr_par' dir='ltr' id='par_1_7' title="bbox 125 1075 1548 1320">
     <span class='ocr_line' id='line_1_15' title="bbox 125 1075 1489 1125; baseline 0 -12"><span class='ocrx_word' id='word_1_105' title='bbox 125 1092 141 1121; x_wconf 73' lang='lat'>5</span> <span class='ocrx_word' id='word_1_106' title='bbox 162 1088 238 1123; x_wconf 83' lang='lat' dir='ltr'>que</span> <span class='ocrx_word' id='word_1_107' title='bbox 265 1075 328 1113; x_wconf 84' lang='lat' dir='ltr'>alii</span> <span class='ocrx_word' id='word_1_108' title='bbox 355 1076 405 1113; x_wconf 89' lang='lat' dir='ltr'>ab</span> <span class='ocrx_word' id='word_1_109' title='bbox 432 1075 515 1113; x_wconf 86' lang='lat' dir='ltr'>aliis</span> <span class='ocrx_word' id='word_1_110' title='bbox 543 1089 725 1125; x_wconf 80' lang='lat' dir='ltr'>magnam</span> <span class='ocrx_word' id='word_1_111' title='bbox 754 1083 902 1125; x_wconf 90' lang='lat' dir='ltr'>partem</span> <span class='ocrx_word' id='word_1_112' title='bbox 930 1075 1076 1113; x_wconf 85' lang='lat' dir='ltr'>itineris</span> <span class='ocrx_word' id='word_1_113' title='bbox 1103 1076 1351 1113; x_wconf 87' lang='lat' dir='ltr'>conficerent.</span> <span class='ocrx_word' id='word_1_114' title='bbox 1411 1075 1489 1113; x_wconf 86' lang='lat' dir='ltr'>Sed</span> 
     </span>
     <span class='ocr_line' id='line_1_16' title="bbox 163 1139 1548 1190; baseline 0 -13"><span class='ocrx_word' id='word_1_115' title='bbox 163 1141 268 1178; x_wconf 82' lang='lat' dir='ltr'>hunc</span> <span class='ocrx_word' id='word_1_116' title='bbox 290 1141 463 1179; x_wconf 88' lang='lat' dir='ltr'>laborem</span> <span class='ocrx_word' id='word_1_117' title='bbox 486 1141 689 1179; x_wconf 74' lang='lat' dir='ltr'>recusabat</span> <span class='ocrx_word' id='word_1_118' title='bbox 711 1154 838 1187; x_wconf 89' lang='lat' dir='ltr'>nemo,</span> <span class='ocrx_word' id='word_1_119' title='bbox 863 1142 972 1190; x_wconf 89' lang='lat' dir='ltr'>quod</span> <span class='ocrx_word' id='word_1_120' title='bbox 993 1154 1083 1178; x_wconf 90' lang='lat' dir='ltr'>eum</span> <span class='ocrx_word' id='word_1_121' title='bbox 1105 1139 1282 1178; x_wconf 92' lang='lat' dir='ltr'>omnium</span> <span class='ocrx_word' id='word_1_122' title='bbox 1310 1140 1488 1178; x_wconf 85' lang='lat' dir='ltr'>laborum</span> <span class='ocrx_word' id='word_1_123' title='bbox 1512 1150 1548 1182; x_wconf 86' lang='lat'>15</span> 
     </span>
     <span class='ocr_line' id='line_1_17' title="bbox 162 1205 1490 1252; baseline 0.001 -10"><span class='ocrx_word' id='word_1_124' title='bbox 162 1206 281 1243; x_wconf 85' lang='lat' dir='ltr'>finem</span> <span class='ocrx_word' id='word_1_125' title='bbox 324 1207 405 1244; x_wconf 88' lang='lat' dir='ltr'>fore</span> <span class='ocrx_word' id='word_1_126' title='bbox 448 1205 731 1252; x_wconf 75' lang='lat' dir='ltr'>existimabant,</span> <span class='ocrx_word' id='word_1_127' title='bbox 774 1205 804 1243; x_wconf 87' lang='lat' dir='ltr'>si</span> <span class='ocrx_word' id='word_1_128' title='bbox 844 1207 997 1244; x_wconf 86' lang='lat' dir='ltr'>hostem</span> <span class='ocrx_word' id='word_1_129' title='bbox 1040 1205 1192 1244; x_wconf 90' lang='lat' dir='ltr'>Hibero</span> <span class='ocrx_word' id='word_1_130' title='bbox 1231 1205 1490 1243; x_wconf 85' lang='lat' dir='ltr'>intercludere</span> 
     </span>
     <span class='ocr_line' id='line_1_18' title="bbox 164 1270 923 1320; baseline 0.001 -13"><span class='ocrx_word' id='word_1_131' title='bbox 164 1277 201 1308; x_wconf 85' lang='lat' dir='ltr'>et</span> <span class='ocrx_word' id='word_1_132' title='bbox 232 1272 428 1309; x_wconf 87' lang='lat' dir='ltr'>frumento</span> <span class='ocrx_word' id='word_1_133' title='bbox 458 1270 665 1320; x_wconf 86' lang='lat' dir='ltr'>prohibere</span> <span class='ocrx_word' id='word_1_134' title='bbox 695 1270 923 1320; x_wconf 86' lang='lat' dir='ltr'>potuissent.</span> 
     </span>
    </p>

    <p class='ocr_par' dir='ltr' id='par_1_8' title="bbox 84 1334 1550 1579">
     <span class='ocr_line' id='line_1_19' title="bbox 84 1334 1489 1385; baseline 0.001 -14"><span class='ocrx_word' id='word_1_135' title='bbox 84 1334 143 1381; x_wconf 86' lang='lat'>69</span> <span class='ocrx_word' id='word_1_136' title='bbox 218 1337 276 1373; x_wconf 75' lang='lat' dir='ltr'>Ac</span> <span class='ocrx_word' id='word_1_137' title='bbox 307 1336 432 1385; x_wconf 87' lang='lat' dir='ltr'>primo</span> <span class='ocrx_word' id='word_1_138' title='bbox 454 1335 656 1374; x_wconf 77' lang='lat' dir='ltr'>Afraniani</span> <span class='ocrx_word' id='word_1_139' title='bbox 688 1335 828 1374; x_wconf 80' lang='lat' dir='ltr'>milites</span> <span class='ocrx_word' id='word_1_140' title='bbox 849 1335 999 1373; x_wconf 83' lang='lat' dir='ltr'>visendi</span> <span class='ocrx_word' id='word_1_141' title='bbox 1031 1349 1147 1373; x_wconf 87' lang='lat' dir='ltr'>causa</span> <span class='ocrx_word' id='word_1_142' title='bbox 1174 1335 1263 1373; x_wconf 90' lang='lat' dir='ltr'>laeti</span> <span class='ocrx_word' id='word_1_143' title='bbox 1284 1349 1329 1373; x_wconf 83' lang='lat' dir='ltr'>ex</span> <span class='ocrx_word' id='word_1_144' title='bbox 1356 1334 1489 1373; x_wconf 86' lang='lat' dir='ltr'>castris</span> 
     </span>
     <span class='ocr_line' id='line_1_20' title="bbox 164 1400 1490 1450; baseline 0 -13"><span class='ocrx_word' id='word_1_145' title='bbox 164 1401 442 1450; x_wconf 83' lang='lat' dir='ltr'>procurrebant</span> <span class='ocrx_word' id='word_1_146' title='bbox 503 1400 877 1450; x_wconf 77' lang='lat' dir='ltr'>contumeliosisque</span> <span class='ocrx_word' id='word_1_147' title='bbox 934 1400 1095 1438; x_wconf 84' lang='lat' dir='ltr'>vocibus</span> <span class='ocrx_word' id='word_1_148' title='bbox 1153 1400 1490 1450; x_wconf 87' lang='lat' dir='ltr'>prosequebantur</span> 
     </span>
     <span class='ocr_line' id='line_1_21' title="bbox 162 1465 1550 1515; baseline -0.001 -12"><span class='ocrx_word' id='word_1_149' title='bbox 162 1474 341 1504; x_wconf 88' lang='lat' dir='ltr'>nostros:</span> <span class='ocrx_word' id='word_1_150' title='bbox 391 1466 598 1504; x_wconf 87' lang='lat' dir='ltr'>necessarii</span> <span class='ocrx_word' id='word_1_151' title='bbox 629 1466 752 1504; x_wconf 89' lang='lat' dir='ltr'>victus</span> <span class='ocrx_word' id='word_1_152' title='bbox 783 1465 915 1515; x_wconf 86' lang='lat' dir='ltr'>inopia</span> <span class='ocrx_word' id='word_1_153' title='bbox 942 1473 1100 1504; x_wconf 85' lang='lat' dir='ltr'>coactos</span> <span class='ocrx_word' id='word_1_154' title='bbox 1130 1466 1261 1515; x_wconf 86' lang='lat' dir='ltr'>fugere</span> <span class='ocrx_word' id='word_1_155' title='bbox 1290 1472 1409 1514; x_wconf 83' lang='lat' dir='ltr'>atque</span> <span class='ocrx_word' id='word_1_156' title='bbox 1437 1465 1489 1502; x_wconf 90' lang='lat' dir='ltr'>ad</span> <span class='ocrx_word' id='word_1_157' title='bbox 1512 1475 1550 1496; x_wconf 80' lang='lat'>20</span> 
     </span>
     <span class='ocr_line' id='line_1_22' title="bbox 163 1529 1489 1579; baseline -0.001 -12"><span class='ocrx_word' id='word_1_158' title='bbox 163 1531 333 1568; x_wconf 85' lang='lat' dir='ltr'>Ilerdam</span> <span class='ocrx_word' id='word_1_159' title='bbox 376 1530 523 1569; x_wconf 87' lang='lat' dir='ltr'>reverti.</span> <span class='ocrx_word' id='word_1_160' title='bbox 604 1532 695 1568; x_wconf 86' lang='lat' dir='ltr'>Erat</span> <span class='ocrx_word' id='word_1_161' title='bbox 735 1530 838 1568; x_wconf 90' lang='lat' dir='ltr'>enim</span> <span class='ocrx_word' id='word_1_162' title='bbox 878 1529 948 1567; x_wconf 92' lang='lat' dir='ltr'>iter</span> <span class='ocrx_word' id='word_1_163' title='bbox 988 1543 1009 1567; x_wconf 87' lang='lat' dir='ltr'>a</span> <span class='ocrx_word' id='word_1_164' title='bbox 1052 1529 1253 1579; x_wconf 90' lang='lat' dir='ltr'>proposito</span> <span class='ocrx_word' id='word_1_165' title='bbox 1292 1529 1489 1568; x_wconf 85' lang='lat' dir='ltr'>diversum</span> 
     </span>
    </p>

    <p class='ocr_par' dir='ltr' id='par_1_9' title="bbox 124 1593 1546 1840">
     <span class='ocr_line' id='line_1_23' title="bbox 124 1593 1488 1644; baseline 0 -13"><span class='ocrx_word' id='word_1_166' title='bbox 124 1610 138 1630; x_wconf 90' lang='lat'><strong>2</strong></span> <span class='ocrx_word' id='word_1_167' title='bbox 161 1594 474 1644; x_wconf 88' lang='lat' dir='ltr'>contrariamque</span> <span class='ocrx_word' id='word_1_168' title='bbox 495 1594 535 1632; x_wconf 92' lang='lat' dir='ltr'>in</span> <span class='ocrx_word' id='word_1_169' title='bbox 561 1602 711 1644; x_wconf 86' lang='lat' dir='ltr'>partem</span> <span class='ocrx_word' id='word_1_170' title='bbox 742 1594 785 1631; x_wconf 88' lang='lat' dir='ltr'>iri</span> <span class='ocrx_word' id='word_1_171' title='bbox 812 1593 1026 1632; x_wconf 85' lang='lat' dir='ltr'>videbatur.</span> <span class='ocrx_word' id='word_1_172' title='bbox 1088 1595 1220 1631; x_wconf 89' lang='lat' dir='ltr'>Duces</span> <span class='ocrx_word' id='word_1_173' title='bbox 1241 1607 1332 1632; x_wconf 91' lang='lat' dir='ltr'>vero</span> <span class='ocrx_word' id='word_1_174' title='bbox 1353 1607 1488 1632; x_wconf 91' lang='lat' dir='ltr'>eorum</span> 
     </span>
     <span class='ocr_line' id='line_1_24' title="bbox 162 1658 1490 1707; baseline -0.001 -10"><span class='ocrx_word' id='word_1_175' title='bbox 162 1659 369 1697; x_wconf 88' lang='lat' dir='ltr'>consilium</span> <span class='ocrx_word' id='word_1_176' title='bbox 403 1673 517 1697; x_wconf 88' lang='lat' dir='ltr'>suum</span> <span class='ocrx_word' id='word_1_177' title='bbox 549 1659 732 1697; x_wconf 88' lang='lat' dir='ltr'>laudibus</span> <span class='ocrx_word' id='word_1_178' title='bbox 763 1659 949 1705; x_wconf 86' lang='lat' dir='ltr'>ferebant,</span> <span class='ocrx_word' id='word_1_179' title='bbox 978 1659 1086 1707; x_wconf 89' lang='lat' dir='ltr'>quod</span> <span class='ocrx_word' id='word_1_180' title='bbox 1114 1671 1155 1696; x_wconf 87' lang='lat' dir='ltr'>se</span> <span class='ocrx_word' id='word_1_181' title='bbox 1187 1658 1320 1696; x_wconf 88' lang='lat' dir='ltr'>castris</span> <span class='ocrx_word' id='word_1_182' title='bbox 1348 1658 1490 1696; x_wconf 90' lang='lat' dir='ltr'>tenuis-</span> 
     </span>
     <span class='ocr_line' id='line_1_25' title="bbox 161 1723 1488 1774; baseline -0.001 -12"><span class='ocrx_word' id='word_1_183' title='bbox 161 1732 275 1772; x_wconf 84' lang='lat' dir='ltr'>sent,·</span> <span class='ocrx_word' id='word_1_184' title='bbox 304 1727 552 1774; x_wconf 88' lang='lat' dir='ltr'>multumque</span> <span class='ocrx_word' id='word_1_185' title='bbox 582 1739 717 1763; x_wconf 90' lang='lat' dir='ltr'>eorum</span> <span class='ocrx_word' id='word_1_186' title='bbox 748 1724 977 1774; x_wconf 90' lang='lat' dir='ltr'>opinionem</span> <span class='ocrx_word' id='word_1_187' title='bbox 1007 1723 1228 1771; x_wconf 86' lang='lat' dir='ltr'>adiuvabat,</span> <span class='ocrx_word' id='word_1_188' title='bbox 1266 1725 1374 1774; x_wconf 92' lang='lat' dir='ltr'>quod</span> <span class='ocrx_word' id='word_1_189' title='bbox 1404 1723 1488 1762; x_wconf 88' lang='lat' dir='ltr'>sine</span> 
     </span>
     <span class='ocr_line' id='line_1_26' title="bbox 162 1789 1546 1840; baseline 0 -14"><span class='ocrx_word' id='word_1_190' title='bbox 162 1789 346 1827; x_wconf 88' lang='lat' dir='ltr'>iumentis</span> <span class='ocrx_word' id='word_1_191' title='bbox 378 1790 751 1840; x_wconf 88' lang='lat' dir='ltr'>impedimentisque</span> <span class='ocrx_word' id='word_1_192' title='bbox 784 1791 835 1828; x_wconf 86' lang='lat' dir='ltr'>ad</span> <span class='ocrx_word' id='word_1_193' title='bbox 874 1789 945 1828; x_wconf 91' lang='lat' dir='ltr'>iter</span> <span class='ocrx_word' id='word_1_194' title='bbox 983 1791 1179 1838; x_wconf 88' lang='lat' dir='ltr'>profectos</span> <span class='ocrx_word' id='word_1_195' title='bbox 1211 1789 1407 1835; x_wconf 89' lang='lat' dir='ltr'>videbant,</span> <span class='ocrx_word' id='word_1_196' title='bbox 1445 1796 1487 1826; x_wconf 91' lang='lat' dir='ltr'>ut</span> <span class='ocrx_word' id='word_1_197' title='bbox 1508 1799 1546 1830; x_wconf 87' lang='lat'>25</span> 
     </span>
    </p>

    <p class='ocr_par' dir='ltr' id='par_1_10' title="bbox 124 1855 1546 2165">
     <span class='ocr_line' id='line_1_27' title="bbox 124 1855 1487 1908; baseline -0.002 -12"><span class='ocrx_word' id='word_1_198' title='bbox 124 1869 141 1898; x_wconf 82' lang='lat'>3</span> <span class='ocrx_word' id='word_1_199' title='bbox 162 1871 241 1895; x_wconf 92' lang='lat' dir='ltr'>non</span> <span class='ocrx_word' id='word_1_200' title='bbox 271 1871 387 1908; x_wconf 86' lang='lat' dir='ltr'>posse</span> <span class='ocrx_word' id='word_1_201' title='bbox 416 1858 590 1908; x_wconf 86' lang='lat' dir='ltr'>inopiam</span> <span class='ocrx_word' id='word_1_202' title='bbox 621 1857 768 1896; x_wconf 86' lang='lat' dir='ltr'>diutius</span> <span class='ocrx_word' id='word_1_203' title='bbox 795 1856 985 1895; x_wconf 86' lang='lat' dir='ltr'>sustinere</span> <span class='ocrx_word' id='word_1_204' title='bbox 1006 1857 1260 1895; x_wconf 87' lang='lat' dir='ltr'>confiderent.</span> <span class='ocrx_word' id='word_1_205' title='bbox 1320 1856 1399 1894; x_wconf 89' lang='lat' dir='ltr'>Sed</span> <span class='ocrx_word' id='word_1_206' title='bbox 1419 1855 1487 1893; x_wconf 90' lang='lat' dir='ltr'>ubi</span> 
     </span>
     <span class='ocr_line' id='line_1_28' title="bbox 160 1923 1488 1973; baseline -0.003 -12"><span class='ocrx_word' id='word_1_207' title='bbox 160 1923 348 1972; x_wconf 80' lang='lat' dir='ltr'>paulatim</span> <span class='ocrx_word' id='word_1_208' title='bbox 396 1923 609 1973; x_wconf 87' lang='lat' dir='ltr'>retorqueri</span> <span class='ocrx_word' id='word_1_209' title='bbox 656 1936 797 1972; x_wconf 82' lang='lat' dir='ltr'>agmen</span> <span class='ocrx_word' id='word_1_210' title='bbox 844 1923 895 1960; x_wconf 88' lang='lat' dir='ltr'>ad</span> <span class='ocrx_word' id='word_1_211' title='bbox 944 1923 1143 1960; x_wconf 87' lang='lat' dir='ltr'>dexteram</span> <span class='ocrx_word' id='word_1_212' title='bbox 1200 1928 1488 1970; x_wconf 85' lang='lat' dir='ltr'>conspexerunt</span> 
     </span>
     <span class='ocr_line' id='line_1_29' title="bbox 161 1984 1488 2037; baseline -0.002 -13"><span class='ocrx_word' id='word_1_213' title='bbox 161 1987 319 2037; x_wconf 91' lang='lat' dir='ltr'>iamque</span> <span class='ocrx_word' id='word_1_214' title='bbox 362 1988 508 2037; x_wconf 88' lang='lat' dir='ltr'>primos</span> <span class='ocrx_word' id='word_1_215' title='bbox 547 2000 728 2037; x_wconf 89' lang='lat' dir='ltr'>superare</span> <span class='ocrx_word' id='word_1_216' title='bbox 766 1986 965 2037; x_wconf 82' lang='lat' dir='ltr'>regionem</span> <span class='ocrx_word' id='word_1_217' title='bbox 995 1993 1209 2023; x_wconf 87' lang='lat' dir='ltr'>castrorum</span> <span class='ocrx_word' id='word_1_218' title='bbox 1247 1984 1488 2022; x_wconf 85' lang='lat' dir='ltr'>animadver—</span> 
     </span>
     <span class='ocr_line' id='line_1_30' title="bbox 162 2047 1486 2099; baseline -0.004 -9"><span class='ocrx_word' id='word_1_219' title='bbox 162 2060 302 2099; x_wconf 88' lang='lat' dir='ltr'>terunt,</span> <span class='ocrx_word' id='word_1_220' title='bbox 358 2066 476 2090; x_wconf 91' lang='lat' dir='ltr'>nemo</span> <span class='ocrx_word' id='word_1_221' title='bbox 529 2059 609 2090; x_wconf 85' lang='lat' dir='ltr'>erat</span> <span class='ocrx_word' id='word_1_222' title='bbox 662 2053 764 2090; x_wconf 86' lang='lat' dir='ltr'>adeo</span> <span class='ocrx_word' id='word_1_223' title='bbox 823 2051 955 2089; x_wconf 81' lang='lat' dir='ltr'>tardus</span> <span class='ocrx_word' id='word_1_224' title='bbox 1012 2057 1079 2088; x_wconf 88' lang='lat' dir='ltr'>aut</span> <span class='ocrx_word' id='word_1_225' title='bbox 1135 2049 1286 2099; x_wconf 87' lang='lat' dir='ltr'>fugiens</span> <span class='ocrx_word' id='word_1_226' title='bbox 1342 2047 1486 2086; x_wconf 90' lang='lat' dir='ltr'>laboris</span> 
     </span>
     <span class='ocr_line' id='line_1_31' title="bbox 160 2114 1546 2165; baseline -0.001 -11"><span class='ocrx_word' id='word_1_227' title='bbox 160 2116 255 2165; x_wconf 91' lang='lat' dir='ltr'>quin</span> <span class='ocrx_word' id='word_1_228' title='bbox 286 2116 414 2154; x_wconf 80' lang='lat' dir='ltr'>statim</span> <span class='ocrx_word' id='word_1_229' title='bbox 446 2116 579 2154; x_wconf 88' lang='lat' dir='ltr'>castris</span> <span class='ocrx_word' id='word_1_230' title='bbox 609 2117 833 2154; x_wconf 78' lang='lat' dir='ltr'>exeundum</span> <span class='ocrx_word' id='word_1_231' title='bbox 863 2122 981 2164; x_wconf 86' lang='lat' dir='ltr'>atque</span> <span class='ocrx_word' id='word_1_232' title='bbox 1002 2114 1288 2152; x_wconf 91' lang='lat' dir='ltr'>occurrendum</span> <span class='ocrx_word' id='word_1_233' title='bbox 1317 2120 1481 2163; x_wconf 87' lang='lat' dir='ltr'>putaret.</span> <span class='ocrx_word' id='word_1_234' title='bbox 1504 2120 1546 2152; x_wconf 86' lang='lat'>30</span> 
     </span>
    </p>

    <p class='ocr_par' dir='ltr' id='par_1_11' title="bbox 122 2177 1486 2231">
     <span class='ocr_line' id='line_1_32' title="bbox 122 2177 1486 2231; baseline -0.004 -10"><span class='ocrx_word' id='word_1_235' title='bbox 122 2197 141 2226; x_wconf 92' lang='lat'>4</span> <span class='ocrx_word' id='word_1_236' title='bbox 162 2182 442 2221; x_wconf 84' lang='lat' dir='ltr'>Conclamatur</span> <span class='ocrx_word' id='word_1_237' title='bbox 462 2184 513 2221; x_wconf 86' lang='lat' dir='ltr'>ad</span> <span class='ocrx_word' id='word_1_238' title='bbox 532 2196 639 2220; x_wconf 85' lang='lat' dir='ltr'>arma</span> <span class='ocrx_word' id='word_1_239' title='bbox 666 2190 784 2231; x_wconf 86' lang='lat' dir='ltr'>atque</span> <span class='ocrx_word' id='word_1_240' title='bbox 808 2194 946 2219; x_wconf 87' lang='lat' dir='ltr'>omnes</span> <span class='ocrx_word' id='word_1_241' title='bbox 976 2179 1113 2229; x_wconf 85' lang='lat' dir='ltr'>copiae</span> <span class='ocrx_word' id='word_1_242' title='bbox 1137 2178 1270 2229; x_wconf 88' lang='lat' dir='ltr'>paucis</span> <span class='ocrx_word' id='word_1_243' title='bbox 1291 2177 1486 2228; x_wconf 86' lang='lat' dir='ltr'>praesidio</span> 
     </span>
    </p>
   </div>
   <div class='ocr_carea' id='block_1_3' title="bbox 159 2283 1486 2448">
    <p class='ocr_par' dir='ltr' id='par_1_12' title="bbox 159 2283 1486 2448">
     <span class='ocr_line' id='line_1_33' title="bbox 207 2283 1485 2324; baseline -0.002 -9"><span class='ocrx_word' id='word_1_244' title='bbox 207 2296 219 2315; x_wconf 93' lang='lat'>1</span> <span class='ocrx_word' id='word_1_245' title='bbox 247 2287 471 2324; x_wconf 78' lang='lat' dir='ltr'>praesentiam</span> <span class='ocrx_word' id='word_1_246' title='bbox 485 2296 519 2317; x_wconf 82' lang='lat' dir='ltr'>r:</span> <span class='ocrx_word' id='word_1_247' title='bbox 538 2286 769 2324; x_wconf 83' lang='lat' dir='ltr'>praesentium</span> <span class='ocrx_word' id='word_1_248' title='bbox 781 2284 819 2315; x_wconf 89' lang='lat' dir='ltr'><em>X</em></span> <span class='ocrx_word' id='word_1_249' title='bbox 883 2295 902 2324; x_wconf 89' lang='lat'>5</span> <span class='ocrx_word' id='word_1_250' title='bbox 920 2285 1023 2315; x_wconf 87' lang='lat' dir='ltr'>vincit</span> <span class='ocrx_word' id='word_1_251' title='bbox 1036 2284 1098 2315; x_wconf 83' lang='lat' dir='ltr'>D‘:</span> <span class='ocrx_word' id='word_1_252' title='bbox 1118 2283 1244 2314; x_wconf 80' lang='lat' dir='ltr'>evincit</span> <span class='ocrx_word' id='word_1_253' title='bbox 1256 2285 1279 2317; x_wconf 79' lang='grc' dir='ltr'>β</span> <span class='ocrx_word' id='word_1_254' title='bbox 1356 2293 1377 2321; x_wconf 92' lang='grc'>9</span> <span class='ocrx_word' id='word_1_255' title='bbox 1394 2283 1485 2313; x_wconf 79' lang='lat' dir='ltr'>ducit</span> 
     </span>
     <span class='ocr_line' id='line_1_34' title="bbox 161 2325 1486 2368; baseline -0.003 -9"><span class='ocrx_word' id='word_1_256' title='bbox 161 2329 357 2361; x_wconf 77' lang='lat' dir='ltr'>Beroaldus:</span> <span class='ocrx_word' id='word_1_257' title='bbox 384 2330 496 2360; x_wconf 89' lang='lat' dir='ltr'>educit</span> <span class='ocrx_word' id='word_1_258' title='bbox 513 2329 550 2359; x_wconf 90' lang='lat' dir='ltr'><em>X</em></span> <span class='ocrx_word' id='word_1_259' title='bbox 649 2340 736 2368; x_wconf 83' lang='lat' dir='ltr'>quae</span> <span class='ocrx_word' id='word_1_260' title='bbox 753 2339 817 2358; x_wconf 86' lang='lat' dir='ltr'>om.</span> <span class='ocrx_word' id='word_1_261' title='bbox 837 2330 860 2362; x_wconf 82' lang='grc' dir='ltr'>β</span> <span class='ocrx_word' id='word_1_262' title='bbox 1000 2338 1036 2366; x_wconf 87' lang='lat'>13</span> <span class='ocrx_word' id='word_1_263' title='bbox 1062 2328 1208 2357; x_wconf 91' lang='lat' dir='ltr'>inermes</span> <span class='ocrx_word' id='word_1_264' title='bbox 1226 2325 1323 2357; x_wconf 86' lang='lat' dir='ltr'><em>D&#39;V:</em></span> <span class='ocrx_word' id='word_1_265' title='bbox 1348 2326 1486 2356; x_wconf 88' lang='lat' dir='ltr'>inermis</span> 
     </span>
     <span class='ocr_line' id='line_1_35' title="bbox 166 2371 1486 2410; baseline -0.002 -8"><span class='ocrx_word' id='word_1_266' title='bbox 166 2373 212 2403; x_wconf 89' lang='lat' dir='ltr'>T:</span> <span class='ocrx_word' id='word_1_267' title='bbox 238 2373 356 2403; x_wconf 86' lang='lat' dir='ltr'>inermi</span> <span class='ocrx_word' id='word_1_268' title='bbox 376 2372 415 2402; x_wconf 85' lang='lat' dir='ltr'>L&#39;</span> <span class='ocrx_word' id='word_1_269' title='bbox 566 2383 602 2410; x_wconf 90' lang='lat'>17</span> <span class='ocrx_word' id='word_1_270' title='bbox 628 2373 794 2402; x_wconf 87' lang='lat' dir='ltr'>frumento</span> <span class='ocrx_word' id='word_1_271' title='bbox 812 2371 864 2402; x_wconf 89' lang='lat' dir='ltr'>L:</span> <span class='ocrx_word' id='word_1_272' title='bbox 889 2372 1057 2401; x_wconf 63' lang='lat' dir='ltr'>frumenti-1</span> <span class='ocrx_word' id='word_1_273' title='bbox 1076 2374 1139 2401; x_wconf 82' lang='lat' dir='ltr'>cett.</span> <span class='ocrx_word' id='word_1_274' title='bbox 1285 2380 1326 2400; x_wconf 84' lang='lat'>20</span> <span class='ocrx_word' id='word_1_275' title='bbox 1352 2374 1486 2400; x_wconf 87' lang='lat' dir='ltr'>nostros</span> 
     </span>
     <span class='ocr_line' id='line_1_36' title="bbox 159 2414 1041 2448; baseline -0.001 -3"><span class='ocrx_word' id='word_1_276' title='bbox 159 2416 292 2447; x_wconf 71' lang='lat' dir='ltr'>Morus:</span> <span class='ocrx_word' id='word_1_277' title='bbox 320 2416 390 2447; x_wconf 91' lang='lat' dir='ltr'>Nos</span> <span class='ocrx_word' id='word_1_278' title='bbox 409 2415 458 2448; x_wconf 91' lang='lat' dir='ltr'>L:</span> <span class='ocrx_word' id='word_1_279' title='bbox 485 2426 547 2447; x_wconf 87' lang='lat' dir='ltr'>nos</span> <span class='ocrx_word' id='word_1_280' title='bbox 564 2426 626 2447; x_wconf 89' lang='lat' dir='ltr'>nec</span> <span class='ocrx_word' id='word_1_281' title='bbox 648 2416 694 2447; x_wconf 88' lang='lat' dir='ltr'>U:</span> <span class='ocrx_word' id='word_1_282' title='bbox 721 2425 782 2446; x_wconf 90' lang='lat' dir='ltr'>nec</span> <span class='ocrx_word' id='word_1_283' title='bbox 799 2415 886 2446; x_wconf 85' lang='lat' dir='ltr'>FT&#39;:</span> <span class='ocrx_word' id='word_1_284' title='bbox 913 2425 976 2445; x_wconf 81' lang='lat' dir='ltr'>om.</span> <span class='ocrx_word' id='word_1_285' title='bbox 996 2414 1041 2444; x_wconf 88' lang='lat' dir='ltr'>D&#39;</span> 
     </span>
    </p>
   </div>
  </div>
 </body>
</html>
