1705 2729
472 132 545 168 DE
576 132 756 169 BELLO
786 131 963 169 CIVILI
996 133 1097 169 LIB.
1132 133 1196 169 III

175 241 419 280 altitudinem
458 242 603 291 pedum
637 253 676 288 X,
713 242 1024 291 tantundemque
1063 242 1144 280 eius
1175 242 1263 280 valli
1301 256 1414 292 agger
1452 242 1491 280 in

176 305 419 344 latitudinem
450 306 634 355 patebat,
672 306 722 343 ab
756 319 804 344 eo
841 305 1062 344 intermisso
1100 305 1225 356 spatio
1258 308 1404 356 pedum
1439 317 1492 343 DC

173 372 268 408 alter
291 383 499 408 conversus
528 369 568 407 in
597 369 828 408 contrariam
858 377 1006 420 partem
1037 377 1116 407 erat
1137 371 1258 408 vallus
1285 369 1492 408 humiliore

174 435 290 484 paulo
324 433 550 472 munitione.
615 435 707 472 Hoc
741 433 845 472 enim
884 434 1146 483 superioribus
1179 433 1319 472 diebus
1351 433 1491 471 timens
1513 448 1528 470 2

137 510 154 540 5
175 499 326 543 Caesar,
361 511 410 536 ne
443 497 606 536 navibus
644 497 764 536 nostri
798 497 1178 544 circumvenirentur,
1215 497 1412 547 duplicem
1445 510 1492 535 eo

173 564 261 600 loco
281 563 423 600 fecerat
442 563 585 600 vallum
606 570 658 608 ut,
681 562 712 600 si
732 561 891 612 ancipiti
912 561 1059 612 proelio
1080 561 1337 608 dimicaretur,
1361 568 1494 611 posset

173 626 306 664 resisti.
335 647 338 650 >
365 627 443 665 Sed
472 639 633 676 operum
664 626 892 676 magnitudo
921 634 959 664 et
988 625 1193 664 continens
1217 625 1394 664 omnium
1415 624 1493 663 die·
1514 637 1531 667 3

174 704 257 728 rum
278 691 396 737 labor,
413 691 521 740 quod
542 689 691 728 milium
711 703 896 739 passuum
916 690 956 727 in
977 690 1138 728 circuitu
1152 702 1239 727 xvn
1256 689 1493 728 munitiones

174 762 253 793 erat
291 756 526 804 complexus,
567 754 794 804 perficiendi
833 754 1000 804 spatium
1039 767 1119 792 non
1153 755 1281 792 dabat.
1354 755 1493 803 Itaque
1513 762 1533 793 4

120 833 156 855 10
174 826 307 857 contra
336 832 441 857 mare
470 826 729 857 transversum
759 820 903 856 vallum
933 818 1000 868 qui
1030 819 1098 856 has
1128 819 1225 857 duas
1254 817 1492 856 munitiones

173 882 413 932 contingeret
442 884 620 921 nondum
650 884 870 932 perfecerat.
932 884 1044 931 Quae
1073 896 1132 920 res
1156 890 1249 921 nota
1276 890 1356 921 erat
1380 884 1494 920 Pom·
1513 893 1530 924 5

174 946 272 996 peio,
306 947 435 985 delata
465 960 532 996 per
563 948 794 997 Allobrogas
827 948 1016 996 perfugas,
1053 960 1318 997 magnumque
1352 946 1493 986 nostris

174 1012 352 1049 attulerat
381 1010 687 1049 incommodum.
748 1012 851 1048 Nam
873 1018 915 1048 ut
934 1012 985 1049 ad
1006 1024 1111 1049 mare
1134 1018 1289 1049 nostrae
1312 1012 1493 1050 cohortes
1512 1017 1531 1048 6

176 1088 304 1112 nonae
341 1073 503 1124 legionis
541 1075 805 1113 excubuerant
842 1087 1040 1113 accessere
1078 1074 1208 1113 subito
1246 1074 1370 1125 prima
1407 1076 1494 1112 luce

121 1147 157 1178 15
178 1136 406 1187 Pompeiani
428 1135 632 1189 [exercitus
658 1139 850 1176 adventus
874 1136 1032 1190 exstitit]
1049 1152 1059 1185 ,·
1093 1138 1207 1176 simul
1234 1138 1398 1176 navibus
1427 1138 1494 1176 cir-

119 1468 156 1490 20

175 1201 368 1240 cumvecti
388 1201 528 1240 milites
549 1201 588 1239 in
615 1202 843 1240 exteriorem
863 1203 1007 1240 vallum
1035 1203 1110 1240 tela
1134 1201 1328 1240 iaciebant
1354 1204 1494 1241 fossae-

174 1278 251 1315 que
276 1278 414 1315 aggere
437 1266 736 1316 complebantur
760 1274 798 1304 et
824 1266 1022 1316 legionarii
1049 1266 1239 1305 interioris
1266 1267 1494 1306 munitionis

173 1329 398 1368 defensores
424 1329 536 1368 scalis
564 1329 735 1368 admotis
764 1330 967 1369 tormentis
998 1329 1187 1380 cuiusque
1215 1330 1366 1381 generis
1395 1331 1495 1370 telis-

174 1407 251 1444 que
271 1394 465 1432 terrebant
485 1407 705 1444 magnaque
725 1394 936 1434 multitudo
956 1394 1239 1445 sagittariorum
1259 1396 1310 1433 ab
1331 1403 1494 1445 utraque

174 1466 282 1508 parte
305 1457 698 1497 circumfundebatur.
759 1461 932 1498 Multum
961 1467 1092 1498 autem
1121 1460 1172 1498 ab
1198 1459 1278 1498 ictu
1305 1459 1491 1510 lapidum,
1516 1474 1532 1507 7

173 1523 281 1571 quod
312 1535 433 1560 unum
473 1522 613 1560 nostris
648 1530 728 1561 erat
767 1525 898 1570 telum,
932 1522 1101 1561 viminea
1132 1523 1344 1573 tegimenta
1376 1523 1494 1573 galeis

174 1586 356 1636 imposita
384 1587 660 1625 defendebant.
722 1588 861 1636 Itaque
890 1600 980 1625 cum
1015 1587 1199 1626 omnibus
1229 1588 1344 1626 rebus
1374 1587 1494 1626 nostri
1514 1592 1531 1622 S

174 1658 440 1700 premerentur
480 1658 598 1700 atque
642 1664 755 1701 aegre
802 1651 1032 1698 resisterent,
1077 1651 1392 1689 animadversum
1437 1659 1495 1690 est

175 1713 311 1752 vitium
349 1714 576 1752 munitionis
615 1715 723 1765 quod
761 1728 877 1765 supra
918 1717 1228 1754 demonstratum
1269 1722 1336 1762 est,
1377 1723 1495 1765 atque

176 1778 274 1816 inter
302 1780 402 1817 duos
431 1780 561 1826 vallos,
589 1792 666 1828 qua
696 1781 909 1829 perfectum
940 1793 1038 1829 opus
1069 1793 1149 1818 non
1178 1788 1268 1826 erat,
1299 1794 1366 1829 per
1390 1794 1495 1818 mare

176 1842 340 1881 navibus
359 1842 523 1893 expositi
544 1843 583 1880 in
609 1857 764 1882 aversos
792 1851 944 1882 nostros
971 1844 1161 1894 impetum
1182 1845 1356 1882 fecerunt
1376 1851 1494 1894 atque

175 1920 222 1944 ex
241 1914 404 1956 utraque
423 1906 640 1946 munitione
660 1907 833 1946 deiectos
854 1915 958 1958 terga
978 1916 1125 1947 vertere
1145 1914 1365 1958 coegerunt.

231 1972 322 2008 Hoc
351 1973 520 2010 tumultu
547 1971 726 2010 nuntiato
749 1972 1001 2011 Marcellinus
1028 1972 1198 2011 cohortis
1226 1972 1401 2011 subsidio
1428 1986 1494 2011 no—
1511 1970 1566 2016 64

175 2034 260 2073 stris
280 2035 545 2074 laborantibus
574 2036 780 2074 summittit
806 2051 853 2076 ex
879 2036 1011 2075 castris
1030 2051 1039 2084 3
1068 2050 1168 2086 quae
1195 2036 1375 2086 fugientis
1405 2050 1494 2075 con-

224 2148 235 2166 1
262 2138 349 2177 pedu
373 2138 424 2169 E:
457 2139 523 2178 ped
546 2138 679 2170 DU'T:
705 2140 809 2179 pedes
831 2139 946 2171 Vitem
971 2140 1005 2170 in
1028 2151 1120 2171 versu
1138 2151 1156 2170 2
1305 2150 1324 2169 2
1348 2139 1493 2171 latitudi-

177 2201 252 2222 nem
271 2202 304 2221 r:
329 2192 536 2223 altitudinem
553 2192 591 2222 X
717 2195 737 2224 8
760 2195 848 2233 quod
872 2194 926 2225 T‘:
951 2199 1034 2233 quot
1050 2193 1158 2225 D'U':
1183 2184 1203 2231 ἃ
1224 2194 1251 2224 L
1375 2204 1414 2224 10
1437 2194 1493 2233 qui

178 2235 239 2264 has
254 2236 295 2268 B:
320 2235 439 2274 quibus
454 2235 500 2265 D'
590 2246 628 2275 13
653 2242 789 2267 nostrae
806 2236 859 2268 X:
886 2238 971 2268 duae
988 2237 1240 2268 Forcltlmmmer
1339 2246 1375 2276 15
1400 2247 1492 2267 exer-

178 2278 262 2307 citus
278 2279 440 2310 adventus
452 2278 598 2318 exstitit]
616 2279 746 2310 delenda
762 2279 868 2310 docuit
883 2280 1060 2321 szperdey
1180 2281 1217 2309 16
1242 2280 1274 2309 in
1291 2280 1493 2310 exteriorem

178 2318 282 2350 D‘T‘:
306 2321 338 2350 in
357 2321 548 2352 interiorem
567 2322 606 2352 U'
716 2324 758 2352 26
781 2324 927 2362 expositi
944 2324 975 2352 in
994 2332 1131 2353 aversos
1145 2322 1307 2353 Faernus:
1332 2323 1494 2362 expositis

178 2362 211 2392 in
229 2364 388 2394 adversos
408 2363 445 2393 X
551 2376 592 2405 29
616 2376 659 2396 ex
676 2366 794 2396 castris
812 2377 818 2403 3
843 2377 929 2405 quae
947 2366 1050 2397 Held:
1078 2377 1119 2396 cx
1137 2366 1321 2405 castrisque
1338 2365 1375 2395 X

1368 2425 1406 2455 8*
