1705 2729
603 124 646 162 C.
682 124 797 161 IVLI
829 124 1097 162 CAESARIS

188 234 456 283 terpellabant,
479 242 520 271 ut
542 246 684 284 magno
713 247 800 271 cum
823 235 959 272 dolore
985 233 1223 272 infidelitatis
1249 234 1512 283 suspicionem

188 299 377 338 sustinere
397 299 630 345 viderentur,
654 298 922 337 discedentem
946 312 1037 337 vero
1064 313 1109 336 ex
1136 299 1321 337 contione
1346 299 1513 338 universi

187 365 441 402 cohortantur
465 377 607 412 magno
633 363 681 401 sit
700 363 833 401 animo
859 363 1000 401 necubi
1022 363 1175 402 dubitet
1196 363 1384 413 proelium
1411 378 1514 402 com-

151 443 164 465 2
188 427 339 466 mittere
373 435 410 466 et
442 441 552 465 suam
592 429 711 466 fidem
747 427 1007 477 virtutemque
1042 427 1213 477 experiri.
1285 430 1377 476 Quo
1412 430 1514 466 facto

187 500 429 531 commutata
469 492 646 531 omnium
691 500 729 530 et
769 494 969 530 voluntate
1010 500 1048 530 et
1091 492 1277 542 opinione
1319 506 1551 538 consensu5

187 570 346 596 suorum
386 557 588 596 constituit
627 557 748 596 Curio
790 571 879 595 cum
920 556 1088 607 primum
1132 557 1179 595 sit
1218 558 1309 595 data
1343 564 1515 606 potestas

188 622 336 671 proelio
368 636 448 661 rem
481 622 736 668 committere,
767 629 1003 672 posteroque
1034 621 1098 660 die
1130 622 1343 671 productos
1373 622 1514 660 eodem

188 689 276 726 loco
308 701 387 737 quo
422 687 686 737 superioribus
717 687 857 725 diebus
892 686 1117 726 constiterat
1148 686 1187 724 in
1221 686 1304 724 acie
1335 687 1512 725 collocat.

149 763 165 792 3
190 754 251 791 Ne
272 755 397 790 Varus
437 752 596 802 quidem
637 752 766 790 Attius
805 752 958 790 dubitat
997 752 1130 802 copias
1168 752 1393 802 producere,
1436 751 1515 790 sive

189 816 423 856 sollicitandi
445 816 585 855 milites
613 816 692 855 sive
719 830 847 867 aequo
868 818 956 855 loco
977 816 1191 856 dimicandi
1212 817 1326 855 detur
1346 815 1512 862 occasio,
1539 829 1575 851 10

188 894 237 919 ne
258 882 483 919 facultatem
504 881 795 930 praetermittat.

111 949 163 986 34
244 948 335 984 Erat
359 946 468 984 vallis
498 946 597 984 inter
626 948 724 985 duas
751 946 864 993 acies,
889 954 930 984 ut
960 959 1075 996 supra
1104 947 1415 985 demonstratum
1444 954 1512 993 est,

114 1007 118 1011 ¹
187 1024 267 1049 non
293 1011 345 1049 ita
369 1024 520 1060 magna,
543 1019 581 1049 at
602 1011 749 1050 difficili
771 1019 808 1050 et
829 1012 952 1050 arduo
976 1024 1151 1049 ascensu.
1214 1013 1331 1049 Hanc
1352 1019 1515 1061 uterque

187 1074 217 1112 si
256 1075 565 1114 adversariorum
604 1075 741 1125 copiae
781 1075 940 1114 transire
980 1083 1213 1114 conarentur
1251 1076 1512 1126 exspectabat,

149 1151 163 1172 2
188 1153 267 1188 quo
304 1139 489 1189 aequiore
524 1141 612 1178 loco
651 1139 841 1189 proelium
881 1140 1153 1179 committeret.
1187 1172 1192 1178 .
1227 1172 1233 1178 .
1267 1171 1273 1178 .
1307 1140 1429 1178 Simul
1464 1141 1514 1179 ab
1538 1154 1574 1187 15

187 1203 341 1242 sinistro
362 1217 483 1242 cornu
507 1207 546 1242 P.
563 1204 645 1242 Atti
667 1205 862 1255 equitatus
883 1205 1011 1243 omnis
1032 1213 1070 1244 et
1086 1219 1163 1243 una
1185 1205 1277 1243 levis
1298 1213 1515 1243 armaturae

188 1268 377 1307 interiecti
407 1270 640 1319 complures,
667 1283 757 1307 curn
788 1283 828 1307 se
859 1269 897 1307 in
928 1271 1067 1308 vallem
1098 1269 1358 1316 demitterent,
1386 1283 1515 1308 cerne-

148 1342 165 1372 5
187 1333 338 1370 bantur.
398 1334 462 1371 Ad
497 1347 564 1371 eos
597 1333 718 1372 Curio
752 1334 966 1383 equitatum
1003 1342 1040 1372 et
1072 1335 1169 1373 duas
1201 1334 1514 1372 Marrucinorum

187 1398 358 1436 cohortis
387 1397 502 1436 mittit
518 1413 527 1445 3
557 1412 723 1448 quorum
750 1398 918 1447 primum
946 1398 1136 1449 impetum
1165 1399 1314 1448 equites
1342 1398 1512 1437 hostium

188 1476 267 1501 non
289 1465 470 1510 tulerunt,
493 1464 563 1502 sed
584 1463 764 1502 admissis
792 1463 902 1513 equis
926 1465 976 1502 ad
1001 1477 1091 1502 suos
1116 1465 1363 1513 refugerunt:
1393 1462 1514 1501 relicti
1536 1478 1575 1499 20

186 1528 236 1565 ab
267 1527 337 1574 his,
364 1527 430 1577 qui
461 1541 538 1565 una
568 1535 837 1577 procurrerant
867 1528 960 1566 levis
992 1537 1209 1566 armaturae
1238 1528 1515 1567 circumvenie—

187 1593 328 1630 bantur
365 1599 484 1641 atque
523 1592 856 1630 interficiebantur
888 1593 939 1630 ab
978 1593 1128 1631 nostris.
1191 1595 1283 1630 Huc
1317 1600 1398 1631 tota
1422 1592 1514 1631 Vari

146 1671 164 1699 4
187 1670 375 1696 conversa
390 1657 493 1696 acies
514 1670 606 1696 suos
626 1659 758 1708 fugere
779 1665 816 1696 et
834 1657 989 1696 concidi
1006 1658 1174 1696 videbat.
1216 1660 1319 1696 Tum
1336 1657 1512 1705 Rebilus,

186 1724 334 1772 legatus
356 1722 543 1770 Caesaris,
563 1736 680 1772 quem
700 1723 820 1762 Curio
842 1737 976 1762 secum
999 1737 1044 1762 ex
1066 1723 1195 1762 Sicilia
1215 1725 1386 1769 duxerat,
1406 1723 1514 1772 quod

185 1800 370 1837 magnum
399 1788 543 1825 habere
570 1801 684 1826 usum
712 1787 751 1825 in
779 1801 819 1826 re
850 1787 1003 1826 militari
1034 1787 1192 1835 sciebat,
1219 1787 1514 1834 ‘Perterritum,’
1536 1796 1574 1828 25

184 1851 321 1901 inquit,
357 1853 535 1890 ‘hostem
570 1852 689 1899 vides,
727 1853 872 1900 Curio;
912 1853 1007 1903 quid
1042 1852 1199 1891 dubitas
1238 1852 1294 1890 uti
1327 1851 1514 1902 temporis

146 1927 163 1958 5
185 1916 526 1966 opportunitate?’
577 1918 648 1955 Ille
677 1931 800 1955 unum
831 1919 1020 1964 elocutus,
1050 1925 1091 1956 ut
1119 1917 1308 1956 memoria
1336 1924 1514 1955 tenerent

185 1981 326 2019 milites
348 1995 392 2020 ea
413 1996 513 2032 quae
535 1982 659 2031 pridie
686 1982 759 2021 sibi
780 1984 1087 2029 confirmassent,
1111 1982 1221 2032 sequi
1242 1996 1327 2020 sese
1347 1982 1456 2020 iubet
1476 1989 1515 2020 et

184 2046 393 2096 praecurrit
421 2055 511 2086 ante
539 2048 678 2086 omnis.
739 2049 933 2098 Adeoque
962 2055 1042 2086 erat
1066 2047 1255 2097 impedita
1275 2047 1383 2085 vallis
1408 2055 1449 2085 ut
1473 2047 1512 2085 in

183 2123 347 2149 ascensu
383 2111 456 2149 nisi
487 2112 678 2151 sublevati
708 2126 730 2150 a
760 2112 838 2150 suis
868 2111 981 2164 primi
1012 2125 1091 2150 non
1121 2111 1234 2150 facile
1263 2111 1509 2150 eniterentur.
1533 2120 1574 2150 ,30

228 2227 247 2254 3
272 2216 393 2246 necubi
412 2216 493 2246 ET:
522 2227 583 2246 nec
603 2217 645 2246 ibi
668 2215 712 2245 V:
750 2216 849 2246 neubi
866 2214 1008 2245 DL'U‘:
1047 2226 1111 2246 neu
1136 2215 1179 2245 L²
1333 2217 1353 2244 6
1377 2225 1513 2245 suorum

185 2258 391 2299 Stephanus:
419 2270 479 2290 suo
496 2259 533 2289 X
733 2269 769 2297 13
796 2269 916 2298 magna
935 2259 1139 2289 ciacconius:
1175 2269 1297 2298 magno
1315 2257 1352 2287 X
1480 2264 1514 2290 at

185 2303 248 2334 cod.
280 2303 392 2334 Voss:
435 2308 491 2334 aut
518 2302 556 2332 X
689 2312 726 2341 15
751 2303 906 2332 lacunam
928 2302 1019 2333 indic.
1039 2302 1130 2332 Paul
1260 2303 1299 2332 16
1324 2306 1513 2332 armaturae

183 2346 314 2377 Aldus:
342 2352 511 2377 armatura
529 2352 561 2376 ct
579 2345 615 2375 X
708 2356 744 2384 17
770 2346 985 2376 demitterent
1006 2345 1231 2376 Vascosanus:
1256 2346 1462 2376 dimitterent
1479 2344 1518 2374 X

185 2401 225 2420 20
250 2391 403 2421 admissis
421 2390 584 2421 Faernus:
613 2389 743 2420 amissis
760 2388 797 2418 X
