1705 2729
579 125 623 163 C.
657 125 773 162 IVLI
806 125 1075 162 CAESARIS

161 237 381 274 traduxerat
419 237 604 286 belloque
642 236 824 273 confecto
869 236 974 285 apud
1014 236 1298 282 Ptolomaeum,
1340 243 1489 286 patrem

160 300 279 350 pueri,
304 300 519 349 reliquerat.

63 381 139 417 104
216 364 291 403 His
313 372 406 402 tunc
427 364 592 413 cognitis
620 365 735 403 rebus
764 364 880 402 amici
910 365 1018 414 regis,
1042 365 1107 415 qui
1136 373 1292 415 propter
1318 373 1485 404 aetatem

160 428 242 466 eius
277 428 316 466 in
351 429 624 479 procuratione
659 437 767 467 erant
801 429 918 478 regni,
953 429 1032 467 sive
1067 429 1205 468 timore
1239 430 1410 476 adducti,
1446 438 1488 468 ut

161 501 297 542 postea
323 493 612 542 praedicabant,
636 493 842 532 sollicitato
864 494 1033 532 exercitu
1062 493 1176 543 regio,
1202 507 1250 532 ne
1277 494 1488 545 Pompeius
1508 506 1526 537 5

161 557 437 596 Alexandriam
475 560 777 607 Aegyptumque
808 566 1029 608 occuparet,
1063 558 1142 596 sive
1181 559 1368 608 despecta
1405 558 1488 597 eius

160 623 324 669 fortuna,
349 630 390 660 ut
418 624 650 672 plerumque
675 622 714 660 in
742 622 962 661 calamitate
987 636 1032 661 ex
1058 622 1193 660 amicis
1218 622 1365 661 inimici
1396 623 1491 661 exsi-

161 694 277 733 stunt,
293 686 348 725 eis
365 686 431 736 qui
448 695 556 725 erant
572 688 622 725 ab
639 700 686 725 eo
708 687 813 725 missi
834 689 962 737 palam
980 687 1187 726 liberaliter
1202 689 1488 738 responderunt

123 765 136 785 2
160 765 332 801 eumque
352 753 403 790 ad
424 765 553 801 regem
575 751 705 790 venire
730 752 923 790 iusserunt
942 766 951 799 3
980 751 1052 802 ipsi
1077 754 1178 790 clam
1201 751 1365 790 consilio
1390 751 1487 790 inito

160 816 368 863 Achillam,
399 818 639 866 praefectum
669 816 828 866 regium,
861 816 1042 866 singulari
1077 816 1278 855 hominem
1310 816 1486 863 audacia,
1513 830 1550 852 ιο

160 889 197 919 et
239 883 280 919 L.
323 881 567 931 Septimium,
608 881 807 919 tribunum
853 881 1030 927 militum,
1081 882 1131 919 ad
1174 880 1488 919 interficiendum

122 953 139 983 5
161 945 396 996 Pompeium
425 946 621 984 miserunt.
684 947 746 984 Ab
777 945 836 983 his
866 945 1074 983 liberaliter
1100 945 1182 995 ipse
1209 947 1426 996 appellatus
1450 952 1489 983 et

84 1003 89 1008 ,
159 1011 330 1059 quadam
360 1010 497 1048 notitia
528 1009 690 1060 Septimi
720 1011 944 1060 productus,
972 1011 1080 1060 quod
1109 1010 1214 1048 bello
1242 1011 1487 1060 praedonum

158 1076 264 1124 apud
281 1089 371 1113 eum
393 1075 572 1113 ordinem
593 1076 766 1121 duxerat,
789 1074 1007 1113 naviculam
1035 1076 1235 1125 parvulam
1257 1074 1488 1113 conscendit

159 1154 249 1178 cum
282 1140 416 1190 paucis
449 1140 555 1187 suis‚·
595 1139 649 1179 ibi
682 1140 732 1178 ab
768 1140 921 1178 Achilla
954 1147 991 1178 et
1023 1139 1213 1189 Septimio
1244 1139 1483 1178 interficitur.
1511 1153 1548 1184 15

160 1207 260 1243 Item
295 1207 336 1243 L.
373 1207 563 1244 Lentulus
593 1204 940 1254 comprehenditur
971 1205 1021 1243 ab
1053 1218 1141 1254 rege
1172 1212 1210 1243 et
1239 1204 1279 1243 in
1309 1204 1489 1243 custodia

158 1278 328 1308 necatur.

65 1344 138 1381 105
213 1336 367 1382 Caesar,
404 1348 495 1373 cum
527 1335 565 1373 in
602 1335 738 1374 Asiam
768 1335 947 1382 venisset,
979 1334 1196 1384 reperiebat
1225 1336 1270 1372 T.
1296 1334 1487 1385 Ampium

158 1408 344 1439 conatum
384 1414 468 1439 esse
506 1400 693 1450 pecunias
739 1402 873 1439 tollere
914 1401 1074 1450 Epheso
1113 1414 1159 1438 ex
1198 1401 1288 1438 fano
1336 1399 1487 1438 Dianae

157 1465 320 1515 eiusque
347 1465 400 1503 rei
430 1478 547 1503 causa
577 1473 776 1504 senatores
804 1465 931 1503 omnis
953 1479 999 1503 ex
1025 1464 1224 1514 provincia
1251 1464 1485 1512 evocavisse,
1509 1478 1549 1500 20

157 1537 199 1568 ut
220 1529 279 1567 his
300 1529 464 1568 testibus
486 1530 525 1567 in
550 1543 745 1568 summam
766 1530 956 1580 pecuniae
977 1537 1158 1576 uteretur,
1182 1530 1251 1568 sed
1272 1529 1489 1579 interpella-

119 1607 134 1628 2
157 1602 239 1632 tum
269 1596 441 1633 adventu
472 1595 649 1634 Caesaris
680 1595 906 1645 profugisse.
969 1596 1029 1632 Ita
1058 1594 1215 1633 duobus
1245 1594 1487 1645 temporibus

121 1674 137 1704 3
159 1659 354 1710 Ephesiae
383 1659 574 1710 pecuniae
605 1661 749 1699 Caesar
777 1659 962 1698 auxilium
993 1658 1089 1697 tulit.
1151 1660 1252 1697 Item
1282 1659 1488 1698 constabat

159 1724 273 1763 Elide
294 1724 333 1762 in
354 1726 501 1774 templo
524 1724 727 1763 Minervae
747 1724 919 1774 repetitis
939 1731 1057 1773 atque
1078 1723 1312 1762 enumeratis
1333 1723 1484 1770 diebus,

158 1803 238 1839 quo
273 1789 337 1828 die
371 1789 563 1839 proelium
599 1791 818 1828 secundum
852 1791 996 1829 Caesar
1033 1788 1198 1835 fecisset,
1235 1788 1485 1827 simulacrum
1507 1801 1545 1833 25

156 1854 353 1892 Victoriae
384 1855 492 1904 quod
521 1861 612 1892 ante
642 1854 766 1904 ipsam
799 1854 1019 1893 Minervam
1050 1855 1287 1892 collocatum
1317 1860 1419 1891 esset
1447 1860 1486 1891 et

156 1926 247 1957 ante
278 1920 329 1957 ad
368 1918 621 1957 simulacrum
662 1920 865 1958 Minervae
904 1918 1157 1969 spectavisset
1195 1919 1246 1957 ad
1276 1919 1405 1956 valvas
1445 1931 1486 1956 se

117 1999 137 2029 4
157 1983 293 2033 templi
313 1983 513 2034 limenque
534 1984 782 2023 convertisse.
843 1985 1078 2033 Eodemque
1099 1983 1163 2022 die
1183 1982 1419 2022 Antiochiae
1445 1982 1485 2020 in

156 2047 264 2097 Syria
284 2048 344 2086 bis
365 2056 495 2087 tantus
517 2049 706 2087 exercitus
728 2050 875 2087 clamor
896 2056 933 2087 et
962 2048 1160 2098 signorum
1189 2061 1309 2086 sonus
1330 2047 1485 2086 exaudi-

117 2124 134 2154 5
157 2120 217 2150 tus
242 2120 300 2151 est
324 2121 365 2151 ut
396 2113 435 2151 in
466 2114 584 2152 muris
614 2122 763 2152 armata
792 2114 926 2152 civitas
953 2113 1192 2152 discurreret.
1254 2115 1347 2151 Hoc
1376 2112 1482 2152 idem
1503 2126 1546 2157 30

157 2177 405 2216 Ptolomaide
432 2178 584 2217 accidit.
647 2178 904 2229 Pergamique
934 2178 973 2216 in
1003 2177 1166 2216 occultis
1196 2191 1241 2216 ac
1271 2177 1483 2216 reconditis

200 2291 218 2318 4
244 2281 500 2322 procuratione]
515 2281 690 2312 curatione
713 2281 743 2312 T
831 2293 870 2313 10
894 2281 1101 2321 praefectum
1118 2280 1169 2311 E:
1187 2281 1219 2311 in
1232 2280 1440 2320 praefectum
1452 2279 1489 2310 X

157 2325 284 2362 regium
303 2324 330 2353 L
349 2335 426 2355 corr.
443 2336 448 2356 ε
476 2325 606 2363 regium
631 2325 776 2364 singium
794 2324 832 2354 X
1005 2335 1040 2355 21
1068 2323 1248 2365 summam]
1267 2335 1396 2355 summa
1411 2323 1486 2354 ET‘

157 2377 197 2406 25
224 2368 375 2408 fecisset]
395 2368 471 2398 fecit
488 2367 533 2398 D‘
