1705 2729
362 148 434 184 DE
466 147 645 184 BELLO
678 145 1037 183 HISPANIENSI
1070 146 1240 182 LIBER

140 259 262 309 copiis
284 258 444 297 flumine
471 258 656 296 traductis
686 264 805 295 noctu
832 256 939 295 iubet
966 256 1064 306 ignis
1085 256 1166 294 fieri
1187 270 1375 306 magnos:
1406 258 1457 296 ita

140 322 403 360 firmissimum
443 321 524 360 eius
562 321 799 370 praesidium
839 322 1032 370 Ateguam
1070 320 1337 370 proficiscitur.
1409 322 1456 358 Id
1480 337 1494 357 2

139 399 229 425 cum
250 385 462 435 Pompeius
483 399 529 423 ex
549 384 717 435 perfugis
737 383 925 431 rescisset,
949 397 1026 433 qua
1050 384 1114 422 die
1141 385 1366 422 facultatem
1388 415 1394 422 .
1414 415 1420 422 .
1447 414 1452 421 .

138 457 176 489 et
204 449 410 500 angustias,
433 463 538 487 carra
555 450 756 498 complura
775 449 1022 497 †multosque
1048 447 1231 488 lanistas†
1252 447 1405 486 retraxit
1420 455 1458 485 et

100 525 116 555 5
136 515 188 552 ad
222 514 449 553 Cordubam
479 527 520 551 se
549 512 703 562 recepit.
764 513 908 551 Caesar
940 511 1225 550 munitionibus
1264 514 1457 561 Ateguam
1479 521 1496 551 3

136 591 361 628 oppugnare
389 585 427 615 et
452 576 633 615 bracchia
656 576 950 614 circumducere
974 575 1115 624 coepit.
1177 575 1251 614 Cui
1273 577 1322 613 de
1344 577 1457 613 Pom-

135 642 225 691 peio
255 655 345 680 cum
375 641 534 679 nuntius
564 647 664 679 esset
693 641 830 678 allatus
869 653 917 678 eo
946 639 1010 677 die
1040 638 1245 688 proficisci,
1277 639 1387 677 cuius
1416 639 1455 677 in

134 707 347 744 adventum
377 704 544 754 praesidi
578 717 694 742 causa
733 705 877 742 Caesar
914 704 1116 752 complura
1154 704 1311 741 castella
1344 716 1457 741 occu-

135 778 274 820 passet,
298 769 437 819 partim
461 768 529 807 ubi
553 767 758 817 equitatus,
780 766 921 817 partim
945 767 1013 804 ubi
1039 768 1239 816 pedestres
1260 766 1396 816 copiae
1416 767 1456 804 in

81 845 119 867 10
137 833 304 871 statione
328 840 365 871 et
391 832 432 870 in
454 832 638 870 excubitu
665 831 798 870 castris
818 830 1013 880 praesidio
1034 844 1119 868 esse
1138 838 1309 880 possent,
1333 830 1396 868 hic
1416 830 1456 868 in

134 899 306 935 adventu
337 896 500 946 Pompei
530 896 666 934 incidit
695 904 737 934 ut
766 896 959 933 matutino
983 902 1159 944 tempore
1180 895 1325 933 nebula
1354 902 1455 933 esset

133 961 380 999 crassissima.
442 962 502 998 Ita
531 960 594 998 illa
623 959 898 998 obscuratione
926 972 1018 997 cum
1048 958 1197 1008 aliquot
1227 958 1454 997 cohortibus
1474 970 1493 999 4

133 1031 171 1062 et
199 1024 375 1073 equiturn
396 1023 531 1061 turmis
552 1023 865 1061 circumcludunt
887 1021 1064 1061 Caesaris
1089 1022 1240 1072 equites
1264 1030 1303 1060 et
1327 1021 1454 1061 conci-

132 1089 242 1135 dunt,
266 1087 321 1125 sic
341 1095 383 1125 ut
403 1087 465 1125 vix
484 1087 524 1124 in
545 1100 591 1125 ea
611 1088 731 1125 caede
751 1086 865 1137 pauci
887 1087 1110 1136 effugerent.

74 1165 111 1196 15
188 1151 417 1202 Insequenti
444 1159 560 1190 nocte
586 1159 711 1189 castra
736 1165 806 1189 sua
834 1151 1009 1189 incendit
1039 1150 1252 1201 Pompeius
1282 1158 1320 1190 et
1349 1159 1452 1190 trans
1472 1157 1496 1195 7

131 1217 278 1254 flumen
309 1217 462 1254 Salsum
496 1229 564 1265 per
594 1215 780 1253 convallis
804 1222 929 1253 castra
957 1214 1056 1253 inter
1082 1216 1163 1253 duo
1190 1215 1337 1265 oppida
1363 1218 1454 1254 Ate—

129 1294 245 1330 guam
277 1287 315 1319 et
346 1279 521 1319 Ucubim
553 1280 593 1318 in
624 1287 759 1318 monte
792 1279 1004 1318 constituit.
1065 1281 1209 1319 Caesar
1238 1280 1301 1321 †in
1329 1280 1452 1318 muni·
1473 1293 1487 1314 2

130 1344 302 1383 tionibus
317 1343 559 1394 ceterisque-l·
578 1357 679 1394 quae
698 1345 749 1383 ad
770 1343 960 1394 oppidum
982 1356 1081 1393 opus
1102 1345 1257 1382 fuerunt
1273 1357 1451 1394 aggerem

129 1408 339 1458 vineasque
372 1421 485 1458 agere
520 1408 695 1447 instituit.
770 1410 883 1447 Haec
922 1409 1008 1446 loca
1042 1416 1133 1446 sunt
1167 1416 1376 1447 montuosa
1414 1417 1451 1447 et
1472 1425 1489 1455 3

72 1488 109 1509 20
128 1481 265 1511 natura
279 1472 467 1522 impedita
485 1474 535 1511 ad
556 1486 636 1511 rem
658 1472 861 1511 militarem
877 1487 887 1521 3
917 1486 1017 1522 quae
1037 1472 1197 1522 planitie
1213 1473 1449 1521 dividuntur,

128 1538 237 1575 Salso
285 1536 457 1583 flumine,
497 1536 672 1587 proxime
719 1545 851 1575 tamen
891 1539 1085 1587 Ateguam
1125 1544 1167 1575 ut
1208 1538 1356 1575 fiumen
1404 1537 1451 1576 sit

128 1601 279 1639 circiter
309 1614 446 1651 passus
477 1602 558 1640 duo
586 1601 701 1640 milia.
763 1604 821 1639 Ex
853 1615 898 1640 ea
922 1601 1080 1651 regione
1107 1601 1243 1651 oppidi
1273 1601 1312 1638 in
1342 1615 1450 1640 mon-

127 1665 230 1704 tibus
246 1673 370 1704 castra
385 1665 522 1704 habuit
536 1665 664 1716 posita
680 1665 890 1716 Pompeius
907 1665 946 1703 in
963 1673 1178 1715 conspectu
1195 1673 1449 1715 utrorumque

126 1730 372 1779 oppidorum,
395 1743 525 1779 neque
551 1729 630 1768 suis
653 1743 770 1768 ausus
797 1738 855 1767 est
883 1729 1060 1768 subsidio
1085 1729 1225 1767 venire.
1284 1730 1448 1779 Aquilas
1466 1744 1485 1773 4

68 1805 104 1836 25
126 1802 164 1831 et
201 1794 310 1844 signa
348 1794 485 1832 habuit
529 1806 606 1832 xm
655 1794 878 1843 legionum3
926 1795 995 1832 sed
1034 1807 1081 1832 ex
1118 1793 1262 1843 quibus
1299 1793 1448 1842 aliquid

126 1858 359 1896 firmamenti
384 1871 425 1896 se
449 1858 695 1896 existimabat
719 1859 863 1896 habere
893 1859 994 1896 duae
1021 1859 1177 1896 fuerunt
1204 1859 1444 1904 vernaculae,

124 1935 224 1971 quae
253 1935 275 1959 a
296 1921 496 1959 Trebonio
521 1923 804 1971 transfugerant
822 1936 832 1969 3
861 1935 939 1960 una
965 1922 1066 1959 facta
1092 1934 1138 1959 ex
1162 1920 1326 1959 coloniis
1348 1934 1448 1971 quae

166 2018 185 2046 3
210 2008 366 2038 lacunam
392 2008 494 2048 explet
515 2008 705 2039 Mommsen
728 2009 828 2039 verbis
860 2013 979 2039 nactus
1007 2013 1069 2045 est,
1099 2008 1296 2046 relinquens
1323 2009 1448 2039 montis

123 2063 141 2090 4
167 2052 355 2091 multasque
379 2051 528 2082 ballistas
553 2052 716 2091 Scalzger:
753 2052 927 2090 mulosque
954 2056 1093 2082 onustos
1120 2050 1297 2091 Nipperdey
1428 2060 1447 2090 5

122 2094 288 2131 Ateguam
304 2094 437 2125 Aldus:
462 2100 642 2134 antequam
659 2097 700 2129 B:
727 2096 881 2134 antiquas
899 2094 934 2124 D
1070 2104 1087 2133 7
1114 2095 1283 2133 proficisci
1305 2093 1424 2125 Vahlen
1440 2106 1446 2124 :

123 2137 346 2176 proficiscitur
361 2136 399 2166 X
566 2149 587 2176 9
612 2138 645 2168 in
663 2138 809 2168 statione
825 2142 858 2167 et
878 2138 911 2167 in
930 2137 1088 2168 excubitu
1107 2137 1176 2168 cdd.
1193 2149 1198 2167 :
1234 2137 1267 2166 in
1284 2137 1448 2168 stationes

123 2182 157 2210 in
189 2181 366 2211 excubitus
398 2180 434 2210 X
585 2191 622 2219 17
650 2181 792 2211 Ucubim
824 2180 872 2210 F:
907 2181 1084 2211 Ucumbim
1112 2179 1169 2210 D:
1205 2180 1313 2211 Ucubi
1341 2180 1448 2211 LUT‘

122 2224 155 2253 in
170 2228 244 2263 post
262 2224 388 2254 Caesar
409 2234 472 2254 om.
501 2223 564 2253 cod.
593 2224 731 2262 Norvic„
755 2223 953 2264 Nipperdey:
988 2224 1122 2254 interim
1152 2223 1311 2254 Flessclzer
1408 2224 1447 2253 18

122 2266 325 2306 ceterisque}
345 2267 507 2297 confectis
525 2267 682 2297 Flet'sclzer
776 2267 935 2306 oppidum
952 2265 1006 2296 X:
1033 2268 1300 2306 oppugnandum
1317 2266 1451 2296 Kraner

122 2309 283 2348 perfectis
302 2313 378 2349 post
402 2310 536 2340 fuerunt
561 2309 636 2340 add.
663 2309 841 2349 Nipperdey
982 2320 1024 2339 20
1048 2309 1208 2349 impedita
1234 2310 1444 2340 Mommsen:

121 2353 212 2383 edita
231 2351 269 2381 X
395 2353 498 2392 quae]
526 2363 590 2392 qua
614 2353 772 2383 Flez'sclzer
924 2363 961 2383 21
989 2357 1022 2383 et
1049 2352 1148 2382 Salso
1174 2353 1366 2392 Hoffinann
1390 2354 1451 2391 qm'

113 2399 189 2435 post
204 2395 248 2426 sit
259 2395 398 2435 gravius
413 2397 612 2435 interpungt't
697 2406 738 2425 22
765 2395 817 2425 Ex
832 2406 871 2426 ea
886 2395 1042 2435 regione]
1060 2405 1078 2425 e
1097 2396 1237 2433 regione
1255 2395 1444 2426 Mommsen

121 2440 162 2468 26
186 2438 382 2468 vernaculae
400 2438 451 2470 X:
478 2438 656 2469 vernacula
674 2444 706 2469 et
726 2449 760 2469 11.
781 2438 968 2469 Mommsen
1080 2449 1118 2477 27
1145 2438 1275 2469 colonis
1293 2440 1348 2477 qui
1368 2438 1403 2468 D
