1705 2729
604 155 839 191 INCERTI
871 154 1152 192 AVCTORIS

171 283 186 312 4
212 264 353 316 coepit.
413 265 535 314 Quod
565 272 774 314 postquam
806 264 962 303 Caesari
994 264 1215 302 nuntiatum
1245 273 1314 311 est,
1338 264 1460 303 milite
1489 265 1540 303 ab

211 343 329 380 opere
349 330 534 376 deducto,
558 329 691 367 castris
712 328 907 378 praesidio
928 331 1146 378 Asprenate
1176 341 1246 377 pro
1267 331 1428 367 consule
1449 342 1538 367 cum

211 394 430 444 legionibus
460 394 614 432 duabus
644 393 779 432 relicto
809 393 892 443 ipse
922 407 1012 431 cum
1043 393 1225 443 expedita
1253 393 1367 443 copia
1388 394 1426 430 in
1448 407 1538 432 eum

172 473 187 503 5
211 460 340 496 locum
385 457 533 496 citatim
577 456 792 503 contendit,
835 457 1048 507 classisque
1096 464 1203 506 parte
1245 458 1296 495 ad
1335 458 1539 507 Thapsum

211 522 343 561 relicta
386 523 553 572 reliquas
594 522 702 560 navis
744 521 851 560 iubet
892 529 980 572 post
1021 521 1193 559 hostium
1228 529 1378 571 tergum
1420 535 1538 572 quam

210 588 378 626 maxime
411 588 462 625 ad
497 587 586 625 litus
615 587 759 637 appelli
798 586 1033 636 signumque
1064 600 1179 625 suum
1209 587 1425 633 observare,
1459 600 1539 636 quo

210 652 321 702 signo
361 654 454 691 dato
495 652 626 691 subito
666 654 837 690 clamore
877 653 981 690 facto
1022 665 1067 690 ex
1108 651 1320 701 improviso
1358 652 1538 690 hostibus

210 717 351 755 aversis
366 717 584 756 incuterent
597 725 793 764 terrorem,
804 724 846 755 ut
859 717 1072 767 perturbati
1086 730 1131 755 ac
1145 715 1334 766 perterriti
1348 716 1538 767 respicere

210 789 297 832 post
319 789 423 831 terga
444 789 684 831 cogerentur.

147 842 190 879 81
264 848 356 895 Quo
376 853 585 896 postquam
611 847 755 885 Caesar
775 845 950 895 pervenit
971 853 1008 884 et
1028 844 1301 884 animadvertit
1320 844 1445 883 aciem
1466 858 1536 895 pro

208 911 310 948 vallo
334 909 528 959 Scipionis
553 907 721 961 [contra]
748 909 965 959 elephantis
995 910 1131 948 dextro
1161 908 1394 959 sinistroque
1415 922 1536 948 cornu

208 974 421 1021 collocatis,
462 981 500 1012 et
548 974 671 1012 nihilo
712 973 841 1012 minus
884 981 1032 1024 partem
1079 973 1246 1010 militum
1291 980 1414 1011 castra
1457 986 1537 1011 non

209 1039 395 1088 ignaviter
435 1038 598 1085 munire,
630 1038 713 1089 ipse
750 1038 834 1077 acie
875 1038 1014 1089 triplici
1053 1039 1255 1084 collocata,
1304 1036 1457 1087 legione
1495 1049 1534 1075 x.

208 1104 486 1153 †secundaque
521 1104 657 1141 dextro
686 1116 823 1150 cornu,
845 1115 930 1140 V111.
955 1109 993 1141 et
1022 1114 1125 1139 V1111.
1149 1101 1303 1139 sinistro
1333 1100 1534 1151 oppositis,

208 1168 383 1218 quinque
423 1168 622 1218 legionesi·
652 1167 691 1205 in
731 1175 867 1217 quarta
905 1166 989 1205 acie
1023 1167 1074 1205 ad
1108 1166 1191 1216 ipsa
1230 1178 1377 1204 cornua
1406 1165 1535 1215 quinis

207 1232 434 1270 cohortibus
465 1240 600 1271 contra
624 1231 768 1270 bestias
798 1230 1009 1278 collocatis,
1035 1230 1248 1281 sagittariis,
1272 1229 1536 1268 funditoribus

208 1302 247 1340 in
263 1301 437 1352 utrisque
457 1302 642 1341 cornibus
662 1301 861 1351 dispositis
883 1301 1036 1351 levique
1052 1309 1246 1340 armatura
1267 1300 1366 1339 inter
1386 1300 1537 1350 equites

208 1366 418 1414 interiecta,
435 1367 518 1417 ipse
532 1366 699 1417 pedibus
720 1366 867 1404 circum
882 1365 1022 1404 milites
1044 1379 1282 1404 concursans
1298 1366 1537 1416 virtutesque

207 1439 479 1470 veteranorum
507 1430 733 1481 proeliaque
754 1430 953 1481 superiora
974 1444 1289 1469 commemorans
1311 1431 1535 1480 blandeque

172 1498 409 1546 zappellans
443 1496 595 1534 animos
634 1508 769 1534 eorum
810 1495 1013 1533 excitabat.
1091 1495 1258 1534 Tirones
1295 1503 1428 1533 autem
1467 1494 1534 1544 qui

209 1574 425 1611 numquam
461 1561 500 1598 in
529 1560 613 1598 acie
647 1560 900 1599 dimicassent
932 1561 1160 1599 hortabatur
1188 1568 1230 1599 ut
1264 1568 1535 1599 veteranorum

208 1626 389 1664 virtutem
430 1626 717 1663 aemularentur
758 1638 974 1675 eorumque
1016 1627 1170 1672 famam,
1211 1626 1353 1672 locum,
1390 1638 1536 1663 nomen

208 1690 368 1729 victoria
398 1697 505 1740 parta
535 1697 722 1739 cuperent
752 1690 964 1740 possidere.

139 1754 189 1791 82
264 1757 404 1804 Itaque
433 1754 472 1792 in
503 1754 785 1792 circumeundo
807 1756 977 1794 exercitu
998 1755 1271 1795 animadvertit
1291 1755 1414 1794 hostis
1436 1754 1537 1793 circa

208 1818 352 1855 vallum
383 1816 576 1866 trepidare
605 1824 723 1866 atque
754 1818 855 1855 ultro
896 1818 1072 1869 citroque
1111 1818 1275 1868 pavidos
1305 1830 1536 1856 concursare
1578 1834 1592 1864 ς

209 1889 246 1920 et
285 1882 406 1919 modo
436 1894 477 1919 se
506 1880 605 1919 intra
636 1889 766 1930 portas
799 1883 979 1933 recipere,
1018 1884 1138 1922 modo
1172 1883 1438 1921 inconstanter
1468 1881 1537 1918 im-

174 1963 188 1983 2
210 1946 490 1994 moderateque
525 1946 690 1995 prodire.
753 1948 855 1986 Cum
888 1947 993 1986 idem
1023 1961 1045 1985 a
1074 1947 1250 1997 pluribus
1279 1946 1536 1984 animadverti

209 2017 393 2059 coeptum
415 2017 526 2057 esset,
551 2011 681 2050 subito
707 2012 821 2062 legati
851 2012 1082 2062 evocatique
1103 2013 1306 2050 obsecrare
1328 2012 1536 2050 Caesarem

209 2088 259 2113 ne
288 2075 483 2114 dubitaret
514 2077 668 2127 signum
704 2079 819 2116 dare:
861 2076 1062 2115 victoriam
1094 2076 1169 2115 sibi
1200 2075 1395 2125 propriam
1425 2089 1447 2112 a
1476 2075 1536 2113 dis

251 2183 271 2211 8
295 2184 422 2213 aversis
472 2195 478 2213 τ
504 2184 654 2214 adversis
671 2181 709 2212 X
816 2192 851 2212 11
878 2187 995 2213 contra
1012 2181 1068 2212 del.
1088 2180 1226 2211 Dinter:
1253 2190 1327 2210 curn
1344 2180 1536 2220 Hoffmann

209 2226 401 2265 elephantis
418 2231 438 2256 λ
454 2238 459 2256 :
487 2227 689 2266 elephantos
706 2224 744 2255 X
832 2236 869 2264 14
893 2226 1109 2264 secundaque
1125 2223 1214 2255 codd.
1233 2233 1346 2253 omnes
1361 2235 1368 2253 :
1391 2232 1536 2262 xurque

208 2268 384 2309 Nipperdey
494 2280 569 2301 vm.
599 2270 685 2301 codd.
707 2280 837 2300 omnes:
865 2279 952 2300 xxm.
981 2266 1174 2308 Nipperdey:
1208 2267 1342 2305 legione
1366 2277 1396 2297 x.
1422 2276 1536 2305 nmque

209 2314 329 2344 dextro
347 2324 463 2352 cornu,
486 2323 559 2344 xm.
582 2319 615 2344 et
634 2323 721 2345 xnn.
742 2314 882 2343 sinistro
893 2312 1032 2342 Kuehler
1165 2320 1202 2349 15
1227 2310 1536 2349 quinquelegiones

208 2357 295 2388 codd.
326 2368 455 2388 omnes:
491 2356 644 2398 <duabus
673 2357 705 2387 in
734 2355 875 2398 media),
905 2357 1042 2394 quintae
1074 2355 1219 2393 legionis
1248 2354 1280 2384 in
1311 2357 1441 2392 quarta,
1467 2356 1531 2387 etc..

213 2400 379 2431 Viellmber
510 2410 549 2438 24
576 2399 664 2431 circa
681 2399 722 2430 Δ2
740 2412 745 2430 :
772 2404 888 2430 contra
905 2397 942 2428 X

1558 858 1595 881 10

1557 1181 1594 1213 ¹5

1555 1510 1594 1531 20
