1705 2729
591 117 824 156 INCERTI
856 118 1136 157 AVCTORIS

196 227 399 267 stravimus
422 229 563 269 Uticae
582 228 718 279 grandi
747 229 941 280 praesidio
970 230 1105 269 relicto
1129 232 1325 281 profectus
1351 231 1521 282 primum

197 293 433 331 Hadrumeti
454 301 577 332 castra
597 294 717 344 ponit,
741 294 885 333 deinde
906 294 959 333 ibi
986 308 1133 346 paucos
1153 295 1237 334 dies
1258 304 1522 335 commoratus

195 364 314 395 noctu
345 357 481 397 itinere
510 360 613 397 facto
643 372 733 397 cum
756 359 919 398 Labieni
945 367 982 398 et
1004 359 1131 398 Petrei
1155 359 1278 409 copiis
1308 360 1519 410 coniungit,

194 428 311 470 atque
332 421 418 460 unis
446 422 578 460 castris
606 422 715 461 factis
738 435 783 461 111
806 423 911 462 milia
940 437 1127 474 passuum
1153 425 1269 474 longe
1298 424 1519 463 considunt.

158 502 172 522 2
196 485 402 535 Equitatus
423 486 577 525 interim
602 501 736 526 eorum
764 487 910 526 circum
932 488 1110 527 Caesaris
1137 488 1374 527 munitiones
1394 489 1520 539 vagari
1540 497 1558 528 5

192 558 311 600 atque
342 564 408 589 eos
441 552 507 602 qui
538 553 752 602 pabulandi
785 561 852 591 aut
885 553 1056 602 aquandi
1091 553 1211 602 gratia
1245 561 1349 591 extra
1377 555 1520 591 vallum

192 616 381 665 progressi
403 624 532 655 essent
553 617 752 667 excipere:
783 617 835 656 ita
861 617 989 655 omnis
1019 617 1258 656 adversarios
1280 618 1378 656 intra
1398 618 1522 656 muni-

153 693 170 722 3
192 680 318 718 tiones
339 681 549 720 continere.
611 684 702 730 Qua
720 696 760 720 re
775 682 998 721 Caesariani
1018 682 1122 732 gravi
1143 695 1301 720 annona
1321 690 1410 721 sunt
1430 696 1521 721 con-

191 745 336 793 flictati,
360 746 450 785 ideo
480 747 588 796 quod
617 748 796 785 nondum
825 761 955 797 neque
983 748 1033 785 ab
1064 747 1193 785 Sicilia
1217 761 1345 797 neque
1369 748 1418 786 ab
1439 750 1522 786 Sar-

192 809 298 848 dinia
318 820 561 850 commeatus
581 819 831 862 supportatus
852 820 933 851 erat
957 826 1086 862 neque
1106 826 1174 863 per
1193 812 1286 850 anni
1306 820 1460 862 tempus
1480 812 1521 851 in
1543 827 1581 848 10

192 874 286 913 mari
315 877 458 915 classes
487 876 571 915 sine
599 876 772 927 periculo
801 876 930 927 vagari
959 884 1139 928 poterant
1152 891 1164 925 3
1195 891 1325 927 neque
1353 877 1520 927 amplius

191 940 297 979 milia
334 954 521 991 passuum
553 955 592 980 vl
625 949 747 980 terrae
778 942 934 981 Africae
972 955 1135 992 quoquo
1168 955 1300 980 versus
1333 943 1521 981 tenebant

151 1019 172 1048 4
190 1006 404 1056 pabulique
449 1007 582 1057 inopia
619 1007 906 1058 premebantur.
985 1008 1075 1056 Qua
1119 1007 1351 1046 necessitate
1394 1007 1520 1046 coacti

190 1070 361 1108 veterani
391 1071 532 1109 milites
562 1071 803 1122 equitesque,
835 1071 902 1122 qui
932 1073 1055 1110 multa
1084 1079 1182 1110 terra
1213 1071 1389 1122 marique
1417 1072 1520 1110 bella

189 1135 451 1174 confecissent
472 1144 510 1175 et
533 1136 714 1187 periculis
741 1137 953 1187 inopiaque
980 1137 1045 1176 tali
1075 1151 1192 1187 saepe
1226 1145 1356 1175 essent
1387 1137 1519 1176 confli-
1541 1150 1577 1182 ¹5

188 1200 291 1246 ctati‚
307 1202 392 1250 alga
413 1215 434 1240 e
454 1201 565 1240 litore
585 1203 750 1240 collecta
769 1209 808 1240 et
833 1216 935 1252 aqua
956 1201 1061 1241 dulci
1082 1203 1185 1240 eluta
1205 1208 1242 1240 et
1263 1201 1315 1240 ita
1335 1201 1520 1242 iumentis

188 1264 447 1303 esurientibus
468 1267 560 1304 data
579 1265 698 1305 vitam
719 1279 854 1304 eorum
876 1267 1156 1317 producebant.

118 1338 168 1376 25
243 1331 350 1368 Dum
375 1331 472 1369 haec
498 1330 551 1369 ita
579 1331 726 1378 fierent,
749 1344 815 1370 rex
836 1332 937 1369 Iuba
965 1331 1130 1382 cognitis
1151 1332 1328 1371 Caesaris
1357 1332 1519 1371 difficul-

187 1394 332 1433 tatibus
353 1396 633 1446 copiarumque
657 1396 988 1446 paucitate—non
1015 1404 1072 1435 est
1092 1396 1218 1436 visum
1246 1397 1327 1436 dari
1348 1397 1517 1447 spatium

186 1461 487 1499 convalescendi
503 1462 849 1512 augendarumque
865 1461 948 1500 eius
964 1475 1084 1512 opum
1101 1476 1108 1500 :
1138 1461 1270 1512 itaque
1282 1462 1517 1513 comparatis
1538 1475 1579 1498 20

187 1525 364 1575 equitum
392 1526 541 1576 magnis
567 1527 827 1577 peditumque
855 1527 978 1577 copiis
1003 1527 1181 1566 subsidio
1201 1527 1280 1566 suis
1300 1541 1475 1578 egressus
1495 1542 1518 1566 e

150 1606 165 1627 2
186 1603 305 1639 regno
326 1589 380 1629 ire
406 1590 621 1629 contendit.
683 1593 723 1629 P.
748 1590 882 1630 Sittius
911 1591 1065 1630 interim
1096 1599 1134 1630 et
1163 1605 1227 1630 rex
1249 1593 1407 1630 Bochus
1427 1606 1518 1631 con-

186 1653 326 1693 iunctis
355 1655 433 1693 suis
460 1655 583 1706 copiis
613 1656 772 1706 cognito
802 1656 900 1707 regis
922 1658 1046 1695 Iubae
1070 1671 1226 1707 egressu
1254 1658 1413 1708 propius
1433 1658 1516 1697 eius

185 1732 347 1769 regnum
368 1719 500 1769 copias
522 1733 611 1759 suas
630 1722 853 1768 admovere,
877 1721 1116 1771 Cirtamque,
1140 1721 1330 1772 oppidum
1357 1724 1516 1772 opulen-

184 1782 376 1821 tissimum
398 1783 480 1822 eius
507 1784 626 1834 regni,
648 1786 808 1824 adortus
838 1785 973 1836 paucis
1002 1785 1143 1824 diebus
1172 1787 1387 1836 pugnando
1412 1786 1516 1837 capit
1537 1801 1574 1832 ²5

144 1864 162 1893 3
183 1855 220 1885 et
250 1857 447 1897 praeterea
476 1850 557 1888 duo
586 1850 733 1900 oppida
753 1852 1022 1889 Gaetulorum.
1083 1851 1239 1899 Quibus
1265 1864 1356 1889 curn
1382 1852 1516 1890 condi-

182 1913 338 1951 cionem
377 1915 500 1961 ferret,
541 1922 583 1953 ut
622 1916 770 1966 oppido
810 1917 1043 1955 excederent
1082 1916 1202 1966 idque
1240 1916 1314 1954 sibi
1347 1929 1513 1954 vacuum

183 1979 389 2026 traderent,
412 1979 769 2030 condicionemque
799 1982 1080 2031 repudiassent,
1104 1989 1240 2031 postea
1265 1982 1315 2019 ab
1342 1995 1390 2020 eo
1410 1981 1513 2032 capti

183 2041 453 2092 interfectique
473 2052 564 2082 sunt
584 2058 732 2083 omnes.
791 2046 892 2084 Inde
912 2059 1136 2096 progressus
1156 2059 1267 2096 agros
1288 2045 1513 2096 oppidaque

143 2124 162 2152 4
182 2121 319 2145 vexare
343 2122 423 2146 non
451 2109 607 2148 destitit.
669 2110 824 2158 Quibus
854 2111 970 2148 rebus
1000 2110 1164 2160 cognitis
1187 2111 1287 2148 Iuba
1315 2124 1405 2148 cum
1435 2111 1511 2148 iam
1534 2124 1574 2154 30

182 2185 262 2210 non
293 2173 408 2222 longe
441 2174 491 2211 ab
524 2174 707 2224 Scipione
739 2183 858 2224 atque
892 2175 974 2213 eius
1013 2175 1179 2214 ducibus
1210 2176 1374 2222 abesset,
1408 2176 1512 2224 capit

226 2284 245 2312 3
270 2285 307 2305 se
333 2279 410 2315 post
432 2276 539 2315 copiis
560 2276 674 2307 Vteste
689 2276 845 2307 Duebner
954 2278 1063 2317 copiis
1081 2277 1196 2317 copias
1213 2286 1292 2308 suas
1308 2277 1341 2308 E
1472 2289 1510 2310 12

182 2318 318 2348 tenebat
347 2318 435 2349 D'T'
571 2330 608 2359 13
634 2321 850 2359 premebatur
872 2319 963 2350 D'T‘
1055 2323 1094 2351 16
1117 2321 1206 2351 elota
1229 2320 1275 2350 D'
1367 2332 1405 2360 19
1430 2323 1509 2352 dare

183 2359 457 2435 ξζιέεὲξξζιὶσῧηι
480 2362 521 2391 V¹
536 2363 576 2402 (2)
712 2374 750 2394 21
778 2364 875 2394 sociis
895 2364 1020 2394 ancke
1151 2375 1192 2394 22
1217 2363 1351 2395 Bochus
1375 2365 1509 2396 DU'T:
