1705 2729
649 138 693 177 C.
727 138 842 175 IVLI
875 139 1143 176 CAESARIS

195 267 214 296 4
235 248 337 287 Libo
350 256 387 287 et
406 250 460 286 Μ.
477 249 673 287 Octavius.
719 249 809 286 Toti
824 258 953 287 tamen
971 249 1099 287 officio
1115 249 1307 287 maritimo
1323 251 1384 300 M„
1395 249 1558 289 Bibulus

233 314 476 363 praepositus
506 322 647 353 cuncta
675 314 996 352 administrabat:
1037 317 1087 353 ad
1117 316 1222 353 hunc
1249 329 1402 354 summa
1422 313 1558 366 imperi

232 379 472 428 respiciebat.

185 442 212 479 6
287 445 431 483 Caesar
464 452 505 483 ut
540 445 791 484 Brundisium
824 445 940 491 venit,
977 445 1227 484 contionatus
1264 447 1370 495 apud
1405 445 1557 493 milites,

232 509 421 558 quoniam
459 523 581 559 prope
618 511 669 548 ad
708 511 826 547 finem
865 510 1043 547 laborum
1081 524 1127 547 ac
1166 509 1426 560 periculorum
1458 518 1559 548 esset

233 582 474 622 perventum,
507 588 635 624 aequo
665 574 798 612 animo
828 574 1023 624 mancipia
1056 581 1174 624 atque
1207 574 1490 624 impedimenta
1519 574 1558 612 in

234 638 346 676 Italia
376 639 649 689 relinquerent,
681 638 753 688 ipsi
783 638 953 688 expediti
988 639 1096 677 navis
1126 640 1448 685 conscenderent,
1480 653 1560 689 quo

232 702 355 740 maior
374 717 558 741 numerus
580 703 745 740 militum
767 710 898 753 posset
919 703 1080 754 imponi,
1103 703 1314 753 omniaque
1336 718 1381 742 ex
1401 703 1560 741 victoria

232 775 269 805 et
304 782 351 806 ex
389 781 458 806 sua
496 768 724 806 liberalitate
759 776 967 818 sperarent,
1001 768 1340 807 conclamantibus
1375 768 1559 807 omnibus

231 832 437 882 imperaret
467 834 574 883 quod
604 835 728 880 vellet,
751 835 1031 883 quodcumque
1062 833 1326 883 imperavisset
1360 848 1400 872 se
1431 848 1559 883 aequo

195 911 209 931 2
231 897 364 935 animo
391 911 475 936 esse
501 899 682 945 facturos,
707 910 746 935 II.
771 900 874 936 Non.
900 900 980 936 Ian.
1005 898 1112 936 navis
1137 898 1260 937 solvit.
1332 898 1556 949 Imposstae,

194 975 211 1003 3
234 969 272 999 ut
294 975 409 1012 supra
436 963 747 1000 demonstratum
772 970 840 1009 est,
863 962 1036 1012 legiones
1061 975 1128 1000 VII.
1202 963 1392 1002 Postridie
1420 972 1558 1002 terram

229 1025 354 1076 attigit
376 1026 670 1065 Cerauniorum.
730 1028 828 1065 Saxa
848 1027 947 1065 inter
967 1034 1004 1065 et
1023 1027 1098 1065 alia
1118 1029 1204 1066 loca
1225 1028 1441 1077 periculosa
1456 1028 1561 1078 quie-

231 1097 309 1128 tam
340 1098 477 1128 nactus
508 1090 715 1129 stationem
743 1099 780 1129 et
806 1099 940 1140 portus
965 1091 1092 1130 omnis
1125 1091 1276 1139 timens,
1300 1094 1407 1142 quod
1439 1091 1560 1131 teneri

229 1155 279 1193 ab
300 1154 526 1193 adversariis
551 1155 846 1202 arbitrabantur,
869 1158 919 1195 ad
944 1170 1033 1195 eum
1054 1158 1185 1194 locum
1207 1156 1273 1206 qui
1292 1158 1561 1207 appellabatur

234 1221 410 1258 Palaeste
449 1220 633 1259 omnibus
672 1220 835 1259 navibus
874 1222 925 1259 ad
964 1234 1081 1259 unam
1117 1221 1380 1261 incolumibus
1419 1221 1560 1261 milites

234 1285 420 1334 exposuit.

192 1349 214 1388 7
290 1351 382 1388 Erat
418 1350 522 1389 Orici
556 1350 759 1389 Lucretius
792 1351 968 1401 Vespillo
1001 1359 1037 1390 et
1075 1351 1274 1391 Minucius
1311 1354 1437 1391 Rufus
1469 1365 1559 1391 cum

233 1414 415 1453 Asiaticis
447 1415 611 1453 navibus
646 1428 762 1463 XVIII,
797 1416 940 1465 quibus
972 1416 1077 1455 Iussu
1120 1420 1166 1455 D.
1203 1417 1308 1456 Laeli
1345 1424 1559 1467 praeerant,

195 1494 209 1514 2
234 1481 288 1517 M.
314 1479 477 1517 Bibulus
503 1493 592 1518 cum
622 1480 785 1519 navibus
812 1493 864 1519 cx
891 1482 1093 1531 Corcyrae.
1164 1483 1242 1520 Sed
1269 1496 1397 1532 neque
1424 1482 1463 1520 hi
1488 1481 1561 1520 sibi

231 1543 368 1582 confisi
395 1558 440 1582 ex
464 1552 577 1594 portu
606 1545 760 1594 prodire
785 1553 873 1583 sunt
900 1546 995 1593 ausi,
1022 1560 1112 1584 cum
1138 1548 1282 1586 Caesar
1308 1546 1471 1586 omnino
1498 1559 1558 1585 XII

231 1608 339 1646 navis
366 1610 501 1658 longas
532 1609 727 1659 praesidio
758 1610 940 1658 duxisset,
965 1611 1003 1648 in
1033 1611 1175 1661 quibus
1205 1620 1314 1650 erant
1340 1620 1560 1651 constratae

232 1685 306 1719 1111,
331 1686 459 1723 neque
482 1674 646 1712 Bibulus
668 1674 866 1724 impeditis
888 1675 1052 1714 navibus
1070 1676 1333 1726 dispersisque
1349 1677 1560 1727 remigibus

231 1737 321 1775 satis
353 1745 502 1776 mature
529 1739 707 1785 occurrit,
732 1741 840 1788 quod
871 1739 976 1790 prius
1006 1742 1056 1778 ad
1085 1741 1353 1779 continentem
1374 1741 1478 1780 visus
1503 1749 1560 1780 est

231 1804 376 1841 Caesar
396 1816 514 1852 quam
544 1804 594 1841 de
619 1804 700 1842 eius
725 1805 897 1842 adventu
923 1806 1026 1843 fama
1047 1806 1210 1844 omnino
1230 1805 1269 1843 in
1291 1819 1356 1844 eas
1383 1805 1560 1855 regiones

231 1868 469 1915 perferretur.

187 1934 211 1971 8
286 1932 483 1981 Expositis
506 1932 694 1971 militibus
716 1947 833 1972 naves
855 1935 994 1972 eadem
1015 1942 1132 1973 nocte
1155 1935 1406 1974 Brundisium
1426 1949 1449 1973 a
1465 1937 1560 1975 Cae-

231 2009 313 2033 sare
334 1995 593 2043 remittuntur‚
619 2005 660 2035 ut
682 1997 853 2047 reliquae
879 1998 1051 2047 legiones
1073 1998 1348 2048 equitatusque
1369 2007 1560 2050 transpor-

195 2077 210 2098 2
232 2059 300 2098 tari
321 2067 490 2110 possent.
553 2061 660 2099 Huic
687 2061 816 2100 officio
846 2062 1090 2112 praepositus
1120 2071 1200 2101 erat
1228 2064 1361 2102 Fufius
1388 2065 1560 2103 Calenus

278 2174 313 2194 12
339 2163 502 2195 Postridie
529 2165 599 2194 Er:
638 2170 714 2204 post
740 2166 849 2204 pridie
874 2165 912 2194 X
1058 2177 1096 2206 13
1121 2167 1363 2197 Cerauniorum
1386 2167 1558 2199 Viam-sus:

231 2207 479 2238 Germiniorum
499 2208 774 2243 (Germaniorum
792 2209 848 2245 L')
871 2208 908 2239 X
1040 2219 1076 2248 15
1101 2210 1324 2240 arbitrabatur
1342 2209 1387 2239 L²
1521 2212 1559 2241 16

232 2250 386 2281 Palaeste
405 2251 574 2291 Glatzdotp
591 2263 597 2281 :
623 2251 796 2282 Pharsalia
812 2251 850 2281 X
972 2253 1009 2282 18
1032 2253 1183 2292 Vespillo
1203 2253 1393 2293 Glandorp:
1419 2253 1559 2293 Bispillo

230 2326 267 2356 X
380 2338 416 2366 19
441 2333 622 2367 praeerant
640 2327 833 2359 Mamilius:
860 2334 1015 2368 praeerat
1032 2328 1069 2358 X
1185 2341 1227 2360 20
1251 2330 1284 2359 hi
1301 2330 1346 2360 D'
1363 2341 1369 2359 :
1395 2305 1447 2360 110111
1467 2330 1558 2362 LT':

229 2375 386 2408 quattuor
407 2371 446 2401 U'
597 2383 637 2401 22
663 2376 854 2403 constratae
869 2372 1019 2409 Ursinus,
1037 2372 1123 2404 codd.
1145 2377 1264 2413 excepto
1283 2373 1310 2402 L
1328 2377 1401 2403 teste
1415 2373 1452 2403 K
1453 2374 1559 2404 iibler:

231 2418 442 2444 constructae
461 2414 497 2444 X
512 2419 583 2445 teste
598 2414 726 2445 Holder
844 2426 885 2454 23
911 2426 963 2446 1111
985 2416 1145 2447 Ursinus:
1172 2416 1215 2446 illi
1233 2416 1291 2448 L':
1318 2417 1372 2446 ille
1389 2415 1477 2446 D'T'

1582 845 1620 867 10

1583 1169 1618 1200 15

1583 1493 1621 1515 20
