1705 2729
452 127 526 162 DE
556 125 735 162 BELLO
765 125 942 162 CIVILI
974 124 1076 160 LIB.
1112 124 1176 159 ΙΙΙ

156 249 235 274 non
258 242 336 273 erat
349 234 711 283 tutus—leviusque
725 231 966 282 tempestatis
980 245 1097 281 quam
1113 231 1244 269 classis
1262 231 1475 280 periculum

154 299 464 339 aestimaverunt.
526 300 616 347 Quo
638 298 751 335 simul
771 304 889 346 atque
909 296 1010 333 intro
1041 304 1098 333 est
1127 295 1236 341 itum,
1259 294 1477 333 incredibili
1499 306 1515 336 5

155 363 336 402 felicitate
361 365 513 410 Auster,
548 362 613 412 qui
649 375 714 411 per
746 360 910 399 biduum
943 362 1110 406 flaverat,
1151 359 1191 397 in
1222 359 1399 397 Africum
1439 372 1478 396 se

154 427 275 466 vertit.

119 505 135 536 5
210 492 289 530 Hic
337 492 505 529 subitam
554 489 904 529 commutationem
953 491 1131 527 fortunae
1179 488 1310 526 videre
1359 487 1477 525 licuit.
1500 494 1548 532 27

156 556 235 605 Qui
256 557 376 594 modo
403 555 477 593 sibi
507 555 724 601 timuerant,
749 555 820 592 hos
846 553 1061 591 tutissimus
1087 561 1220 603 portus
1242 552 1481 602 recipiebat,

155 620 221 670 qui
260 620 401 658 nostris
440 619 605 658 navibus
638 619 853 669 periculum
888 618 1110 664 intulerant,
1144 619 1194 655 de
1234 631 1305 655 suo
1344 617 1480 654 timere

155 685 405 735 cogebantur.
467 686 606 734 Itaque
627 692 803 733 tempore
833 689 1076 721 commutato
1105 689 1316 731 tempestas
1346 689 1384 719 et
1414 694 1480 718 no-
1503 694 1517 714 2

155 757 252 787 stros
275 749 367 787 texit
392 756 430 787 et
458 748 565 786 navis
592 747 770 786 Rhodias
797 747 956 794 adflixit,
980 747 1032 785 ita
1057 754 1099 785 ut
1119 748 1170 785 ad
1191 760 1311 784 unam
1342 760 1480 784 omnes

100 830 136 852 10
155 821 374 852 constratae
404 826 568 851 numero
600 825 669 850 XVI
704 812 939 850 eliderentur
969 819 1006 849 et
1037 811 1237 861 naufragio
1269 810 1479 857 interirent,

155 886 193 917 et
222 892 268 917 ex
294 891 438 928 magno
468 877 657 927 remigum
678 884 1092 927 propugnatorumque
1122 889 1285 914 numero
1314 889 1401 926 pars
1431 876 1481 913 ad

155 945 338 993 scopulos
365 942 473 981 allisa
500 943 788 989 interficeretur,
822 955 908 992 pars
938 942 988 979 ab
1018 941 1159 980 nostris
1189 942 1455 980 detraheretur
1472 955 1481 988 3

156 1021 254 1058 quos
275 1006 402 1045 omnis
424 1014 672 1045 conservatos
694 1008 838 1045 Caesar
858 1007 1021 1044 domum
1044 1005 1199 1044 remisit.

211 1073 378 1110 Nostrae
412 1084 529 1109 naves
563 1072 665 1109 duae
700 1070 845 1109 tardius
880 1083 994 1108 cursu
1029 1071 1210 1108 confecto
1244 1069 1284 1108 in
1324 1078 1481 1108 noctem
1502 1074 1553 1111 28

101 1148 136 1180 15
156 1135 368 1182 coniectae,
398 1149 487 1173 cum
515 1135 735 1184 ignorarent
765 1148 883 1184 quem
918 1135 1049 1173 locum
1076 1134 1247 1184 reliquae
1274 1134 1479 1184 cepissent,

158 1207 292 1239 contra
313 1199 468 1238 Lissum
490 1199 529 1237 in
549 1199 700 1238 ancoris
721 1199 988 1238 constiterunt.
1046 1201 1132 1237 Has
1153 1198 1307 1249 scaphis
1330 1199 1483 1237 minori·
1505 1212 1518 1232 2

160 1266 312 1315 busque
342 1265 502 1315 navigiis
537 1264 804 1315 compluribus
834 1264 1049 1303 summissis
1085 1263 1275 1303 Otacilius
1307 1265 1480 1311 Crassus,

160 1330 227 1380 qui
258 1330 356 1369 Lissi
381 1338 565 1380 praeerat,
599 1343 819 1380 expugnare
846 1330 1032 1380 parabat3
1062 1328 1177 1367 simul
1204 1330 1254 1367 de
1281 1329 1482 1367 deditione

160 1409 293 1434 eorum
314 1396 453 1445 agebat
467 1403 504 1434 et
520 1394 830 1434 incolumitatem
852 1394 994 1433 deditis
1008 1393 1274 1444 pollicebatur.
1328 1396 1482 1432 Harum
1504 1403 1521 1434 3

101 1472 139 1494 20
158 1462 276 1499 altera
308 1459 415 1498 navis
446 1472 556 1499 ccxx
589 1474 609 1498 e
641 1459 793 1510 legione
828 1459 999 1498 tironum
1031 1460 1250 1506 sustulerat,
1284 1460 1403 1497 altera
1437 1473 1483 1497 ex

157 1532 338 1563 veterana
372 1526 489 1575 paulo
526 1524 654 1562 minus
689 1537 747 1563 cc.
810 1524 889 1562 Hic
924 1523 1108 1574 cognosci
1143 1523 1250 1562 licuit
1291 1531 1481 1574 quantum
1502 1534 1521 1565 4

157 1598 258 1628 esset
296 1589 522 1628 hominibus
562 1589 729 1640 praesidi
768 1589 807 1627 in
846 1589 965 1627 animi
1004 1588 1252 1627 firmitudine.
1317 1588 1482 1627 Tirones

157 1654 259 1692 enim
284 1654 533 1692 multitudine
560 1654 717 1692 navium
746 1653 933 1703 perterriti
964 1662 1000 1692 et
1032 1655 1113 1691 salo
1143 1666 1366 1702 nauseaque
1394 1667 1483 1691 con-

158 1719 248 1757 fecti
289 1719 370 1757 iure
415 1719 580 1758 iurando
618 1726 782 1769 accepto
822 1718 918 1756 nihil
956 1718 1010 1757 eis
1049 1718 1246 1757 nocituros
1285 1718 1407 1756 hostis
1443 1732 1482 1756 se

101 1795 138 1826 25
160 1783 328 1822 Otacilio
352 1783 588 1822 dediderunt
606 1798 616 1830 ,-
658 1783 724 1833 qui
760 1796 897 1822 omnes
929 1784 979 1821 ad
1014 1796 1103 1821 eum
1136 1782 1316 1832 producti
1347 1790 1482 1820 contra

159 1847 384 1897 religionem
405 1847 495 1886 iuris
516 1847 668 1886 iurandi
690 1847 728 1885 in
750 1847 832 1886 eius
853 1855 1067 1897 conspectu
1084 1846 1350 1885 crudelissime
1371 1846 1482 1885 inter-

158 1911 348 1950 ficiuntur.
408 1914 461 1950 At
490 1918 694 1951 veteranae
725 1912 887 1962 legionis
917 1911 1057 1950 milites
1085 1911 1177 1950 item
1202 1911 1415 1950 conflictati
1444 1919 1481 1950 et
1501 1918 1543 1949 5·

158 1976 398 2027 tempestatis
419 1984 457 2015 et
478 1976 653 2016 sentinae
673 1976 774 2015 vitiis
801 1991 930 2027 neque
951 1991 996 2015 ex
1017 1976 1179 2027 pristina
1198 1976 1336 2015 virtute
1357 1976 1483 2014 remit-

159 2041 321 2079 tendum
355 2040 503 2091 aliquid
538 2048 771 2091 putaverunt
802 2049 840 2079 et
874 2041 1084 2080 tractandis
1115 2040 1415 2080 condicionibus
1445 2048 1483 2080 et

102 2116 141 2146 30
159 2104 406 2144 simulatione
435 2106 645 2145 deditionis
667 2113 838 2145 extracto
858 2106 984 2156 primo
1005 2106 1131 2145 noctis
1152 2114 1328 2156 ternpore
1347 2106 1483 2156 guber-

201 2209 222 2237 6
245 2208 429 2248 recipiebat
446 2209 494 2239 Εδ
509 2220 516 2239 :
542 2209 699 2240 reiciebat
714 2208 772 2243 DB
844 2220 881 2240 12
906 2209 1143 2240 detraheretur
1158 2209 1211 2240 E:
1239 2209 1484 2240 distraheretur

159 2254 222 2281 cett.
359 2262 394 2290 17
422 2252 584 2283 Otacilius
616 2253 811 2283 Manutius:
851 2252 1024 2283 octacilius
1056 2252 1116 2283 L':
1155 2252 1331 2283 octalicius
1359 2252 1423 2285 D':
1457 2257 1479 2284 t.

159 2294 273 2324 acilius
300 2293 330 2322 V
456 2305 493 2325 21
522 2295 588 2326 Hic
606 2295 738 2326 Aldus:
774 2295 838 2325 His
861 2294 898 2325 X
1026 2306 1066 2326 22
1091 2295 1255 2326 Tirones.
1277 2319 1283 2326 .
1306 2318 1314 2326 .
1332 2296 1482 2336 navium]

162 2335 213 2366 Na
230 2342 267 2366 es]
289 2337 316 2366 L
436 2349 475 2377 27
500 2339 579 2368 item
598 2339 642 2368 L²
658 2350 664 2369 z
689 2339 775 2369 idem
793 2338 830 2367 X
947 2349 988 2377 29
1015 2344 1047 2369 et
1064 2339 1248 2370 tractandis
1266 2338 1397 2370 Morus:
1424 2340 1482 2369 sed

160 2380 343 2410 tractandis
360 2380 395 2409 X
525 2392 567 2419 30
592 2386 743 2412 extracto
760 2383 801 2415 B:
827 2386 979 2412 extracta
995 2381 1040 2411 D'
