1705 2729
628 127 672 165 C.
706 126 822 164 IVLI
854 125 1123 164 CAESARIS

213 235 338 273 currit.
400 237 579 274 Cunctae
600 248 732 273 earum
754 234 956 284 regionum
978 235 1244 284 praefecturae
1272 234 1538 273 libentissimis

212 299 351 337 animis
391 313 481 338 cum
521 299 713 349 recipiunt
751 299 1043 348 exercitumque
1081 298 1164 337 eius
1199 299 1382 337 omnibus
1422 299 1538 337 rebus

176 377 189 397 2
213 363 354 401 iuvant.
417 363 546 401 Etiam
582 362 762 412 Cingulo,
795 363 903 412 quod
939 362 1132 412 oppidum
1167 362 1365 401 Labienus
1398 362 1538 401 consti-

211 434 335 465 tuerat
355 441 504 477 suaque
525 427 692 477 pecunia
712 426 1043 474 exaedificaverat,
1062 428 1112 465 ad
1129 440 1219 465 eum
1241 427 1355 477 legati
1376 427 1537 466 veniunt

210 506 390 542 quaeque
429 491 673 541 imperaverit
712 505 754 529 se
792 491 1047 542 cupidissime
1082 493 1251 530 facturos
1291 491 1533 542 pollicentur.

172 567 189 595 3
212 556 358 594 Milites
379 556 566 606 imperat:
597 557 766 595 mittunt.
829 559 983 595 Interea
1003 557 1104 606 legio
1126 569 1197 595 X11.
1216 558 1425 595 Caesarem
1446 569 1536 595 con-

208 620 391 670 sequitur.
453 622 555 659 Cum
577 621 636 658 his
657 622 811 659 duabus
834 623 1024 659 Asculum
1051 621 1240 660 Picenum
1263 621 1530 670 proficiscitur.

209 686 257 724 Id
282 685 473 735 oppidum
499 687 689 723 Lentulus
720 686 903 735 Spinther
933 699 959 723 x
991 686 1218 725 cohortibus
1249 687 1432 734 tenebat3
1467 686 1534 736 qui

208 750 384 789 Caesaris
418 752 591 788 adventu
625 750 783 800 cognito
817 751 986 800 profugit
1021 765 1067 789 ex
1098 751 1249 801 oppido
1281 751 1533 801 cohortisque

206 828 340 853 secum
374 816 571 854 abducere
605 824 769 854 conatus
804 830 945 866 magna
979 824 1087 866 parte
1123 816 1289 854 militum
1329 817 1528 856 deseritur.

167 894 184 922 4
207 879 382 917 Relictus
410 879 449 917 in
474 879 610 918 itinere
639 893 729 918 cum
759 880 894 930 paucis
922 880 1060 919 incidit
1080 881 1119 918 in
1140 880 1359 919 Vibullium
1382 883 1530 920 Rufum

206 943 367 982 missum
406 958 428 982 a
468 945 659 994 Pompeio
694 945 733 982 in
767 959 902 996 agrum
940 946 1129 984 Picenum
1169 947 1529 985 confirmandorum

204 1008 410 1047 hominum
441 1023 567 1047 causa.
628 1012 663 1047 A
696 1023 775 1059 quo
807 1011 931 1048 factus
953 1010 1150 1048 Vibullius
1180 1010 1319 1050 certior
1343 1024 1444 1060 quae
1471 1025 1530 1049 res

203 1072 241 1109 in
273 1073 419 1111 Piceno
448 1081 672 1122 gererentur
699 1073 840 1112 milites
869 1074 920 1112 ab
948 1088 995 1112 eo
1022 1074 1174 1123 accipit,
1199 1074 1327 1124 ipsum
1355 1074 1526 1113 dimittit.

164 1151 180 1181 5
203 1138 303 1175 Item
331 1152 376 1175 ex
404 1138 577 1175 finitimis
608 1137 832 1187 regionibus
861 1152 957 1188 quas
985 1146 1114 1189 potest
1142 1140 1337 1177 contrahit
1356 1139 1528 1178 cohortis

200 1216 245 1239 ex
273 1202 480 1240 dilectibus
511 1203 786 1253 Pompeianis3
816 1203 855 1241 in
885 1203 944 1241 his
977 1204 1188 1243 Camerino
1213 1203 1426 1254 fugientem
1454 1205 1528 1242 Lu-

200 1266 332 1304 cilium
366 1267 529 1305 Hirrum
564 1281 654 1305 cum
687 1281 753 1306 sex
784 1268 1022 1316 cohortibus,
1053 1282 1150 1318 quas
1180 1268 1233 1307 ibi
1263 1268 1303 1306 in
1333 1268 1526 1319 praesidio

161 1341 179 1370 6
201 1332 400 1378 habuerat,
424 1332 591 1381 excipit3
620 1332 764 1381 quibus
789 1333 935 1371 coactis
964 1345 1041 1371 xm
1068 1333 1194 1371 efficit.
1256 1334 1359 1372 Cum
1390 1333 1449 1371 his
1475 1335 1526 1372 ad

200 1396 420 1434 Domitium
451 1398 763 1435 Ahenobarbum
791 1398 1009 1436 Corfinium
1038 1398 1188 1448 magnis
1216 1397 1418 1437 itineribus
1445 1412 1526 1448 per-

197 1462 302 1500 venit
328 1463 619 1512 Caesaremque
642 1464 781 1501 adesse
811 1477 901 1501 cum
929 1463 1150 1512 legionibus
1175 1464 1329 1502 duabus
1357 1463 1520 1502 nuntiat.

162 1527 396 1573 7Domitius
431 1542 498 1577 per
532 1541 573 1566 se
607 1527 758 1566 circiter
792 1540 850 1566 xx
886 1528 1058 1567 cohortis
1093 1529 1196 1567 Alba
1229 1542 1276 1567 ex
1311 1528 1452 1567 Marsis
1485 1537 1523 1568 et

197 1591 390 1641 Paelignis
421 1592 595 1629 finitimis
625 1593 675 1630 ab
706 1593 931 1642 regionibus
961 1601 1151 1643 coegerat.

130 1661 176 1697 16
252 1657 429 1705 Recepto
479 1656 610 1694 Firmo
658 1659 899 1707 expulsoque
946 1658 1115 1696 Lentulo
1154 1658 1297 1697 Caesar
1344 1658 1521 1708 conquiri

197 1720 337 1758 milites
368 1721 434 1770 qui
463 1721 512 1759 ab
544 1735 590 1759 eo
621 1721 890 1769 discesserant,
914 1722 1182 1773 dilectumque
1211 1722 1359 1760 institui
1388 1722 1521 1770 iubet;

195 1784 277 1833 ipse
309 1799 431 1822 unum
463 1785 568 1823 diem
601 1786 654 1823 ibi
686 1786 739 1824 rei
773 1787 1048 1825 frumentariae
1077 1801 1195 1825 causa
1229 1795 1400 1826 moratus
1428 1789 1520 1827 Cor-

159 1868 172 1887 2
194 1849 330 1886 finium
358 1850 572 1888 contendit.
634 1852 694 1888 Eo
721 1864 811 1888 cum
835 1851 1015 1899 venisset,
1038 1853 1220 1890 cohortes
1241 1864 1266 1889 v
1286 1851 1520 1902 praemissae

193 1928 215 1951 a
239 1914 415 1952 Domitio
441 1929 487 1952 ex
513 1915 852 1965 oppidopontem
881 1915 1053 1954 fluminis
1083 1916 1429 1966 interrumpebant,
1452 1916 1519 1967 qui

156 1993 173 2022 3
194 1985 273 2016 erat
297 1979 346 2016 ab
374 1979 522 2028 oppido
552 1979 658 2017 milia
686 1993 872 2029 passuum
905 1980 1055 2018 circiter
1082 1993 1139 2019 111.
1202 1980 1265 2019 Ibi
1294 1994 1384 2019 cum
1414 1988 1519 2019 ante-

193 2043 414 2081 cursoribus
450 2044 626 2082 Caesaris
661 2045 809 2094 proelio
845 2046 1056 2084 commisso
1091 2046 1265 2084 celeriter
1301 2045 1517 2084 Domitiani

1556 508 1573 539 5

1555 833 1592 855 10

1551 1154 1587 1186 ι5

1546 1477 1584 1499 20

1542 1802 1578 1832 ²5

153 2129 171 2158 4
191 2122 214 2146 a
234 2116 353 2158 ponte
375 2109 517 2158 repulsi
537 2123 578 2147 se
606 2109 645 2146 in
671 2110 862 2160 oppidum
890 2119 1129 2160 receperunt.
1191 2113 1334 2150 Caesar
1359 2111 1517 2161 legioni·
1536 2123 1577 2153 30

191 2174 264 2211 bus
293 2174 477 2211 traductis
504 2175 554 2212 ad
582 2174 773 2225 oppidum
801 2176 976 2214 constitit
1002 2176 1186 2227 iuxtaque
1213 2190 1368 2214 murum
1393 2184 1516 2215 castra

190 2246 330 2287 posuit.

238 2344 275 2372 16
302 2343 461 2373 Lucilium
483 2344 671 2383 Glantlotpz
697 2345 839 2375 ulcillem
858 2345 922 2375 D':
950 2346 1083 2376 ucillum
1099 2348 1122 2380 β
1222 2356 1263 2384 23
1288 2345 1513 2386 expulsoque]

189 2385 381 2424 Asculoque
399 2387 540 2425 expulso
561 2386 755 2428 Ondcndotp
