1705 2729
603 130 837 168 INCERTI
870 130 1150 168 AVCTORIS

213 239 387 277 accensis
420 239 579 279 Uticam
614 240 788 290 pervenit
821 249 938 290 atquc
973 248 1077 279 extra
1112 241 1302 290 oppidum
1337 255 1385 280 ea
1420 250 1537 281 nocte

214 304 365 342 mansit.

135 370 191 408 90
267 370 428 406 Postero
459 369 522 407 die
548 383 663 408 mane
691 369 729 407 in
757 369 947 419 oppidum
973 369 1119 407 introiit
1139 369 1403 420 contioneque
1423 372 1538 409 advo-

212 440 298 470 cata
320 432 520 471 Uticensis
548 433 695 471 incolas
723 435 946 472 cohortatus
973 433 1113 483 gratias
1140 447 1210 484 pro
1234 447 1368 472 eorum
1390 448 1478 486 erga
1498 448 1539 473 se

212 496 343 535 studio
377 497 464 547 egit,
497 497 591 536 civis
622 505 754 536 autem
785 500 988 537 Romanos
1019 498 1278 548 negotiatores
1309 506 1346 537 et
1376 512 1443 537 eos
1473 499 1539 549 qui
1560 513 1577 543 5

212 561 313 600 inter
332 574 406 600 CCC
426 562 613 612 pecunias
634 565 880 602 contulerant
893 566 998 602 Varo
1014 571 1052 602 et
1068 562 1241 613 Scipioni
1264 563 1394 601 multis
1413 563 1540 602 verbis

211 634 415 665 accusatos
437 634 474 665 et
495 628 545 665 de
566 641 700 666 eorum
722 628 932 666 sceleribus
949 627 1122 678 longiore
1143 627 1275 666 habita
1295 627 1470 666 oratione
1489 629 1540 666 ad

213 699 429 729 extremum
460 699 501 729 ut
531 692 614 730 sine
644 700 751 730 metu
781 693 981 743 prodirent
1009 691 1154 731 edicit:
1189 706 1230 730 se
1255 692 1309 730 eis
1339 693 1540 731 dumtaxat

213 755 331 794 vitam
353 770 631 794 concessurum
647 772 657 804 3
684 757 788 795 bona
809 757 969 807 quidem
991 771 1125 795 eorum
1148 771 1188 795 se
1204 757 1465 804 venditurum,
1489 757 1540 795 ita

214 828 356 867 tamen,
392 821 458 870 qui
489 835 625 859 eorum
656 821 739 871 ipse
773 835 841 859 sua
872 823 977 860 bona
1008 822 1246 869 redemisset,
1274 836 1314 861 se
1343 822 1538 860 bonorum
1563 834 1600 857 10

214 885 482 924 venditionem
504 885 756 924 inducturum
786 894 823 925 et
853 886 1060 936 pecuniam
1086 888 1231 925 multae
1260 886 1420 925 nomine
1450 888 1541 925 rela-

177 966 192 986 2
214 957 355 996 turum,
397 957 438 987 ut
476 949 787 988 incolumitatem
825 950 989 989 retinere
1028 958 1169 1000 posset.
1240 950 1395 999 Quibus
1434 958 1541 989 metu

214 1014 475 1064 exsanguibus
515 1016 565 1053 de
603 1014 759 1064 vitaque
798 1029 843 1053 ex
883 1028 953 1053 suo
992 1015 1203 1065 promerito
1242 1015 1544 1065 desperantibus

213 1078 344 1117 subito
374 1079 506 1117 oblata
535 1081 658 1117 salute
687 1079 853 1117 libentes
883 1079 1095 1130 cupidique
1128 1079 1404 1118 condicionem
1435 1093 1542 1118 acce-

214 1150 355 1193 perunt
381 1142 655 1193 petieruntque
676 1157 698 1182 a
719 1145 886 1183 Caesare
911 1152 951 1181 ut
979 1143 1166 1182 universis
1187 1156 1260 1182 ccc
1281 1157 1361 1182 uno
1381 1144 1542 1182 nomine
1565 1159 1602 1191 15

178 1224 195 1254 3
214 1207 422 1258 pecuniam
443 1207 660 1258 imperaret.
705 1210 844 1258 Itaque
861 1208 919 1247 bis
937 1208 1060 1247 milies
1077 1208 1253 1247 sestertio
1269 1208 1327 1246 his
1344 1208 1539 1259 imposito,

214 1280 256 1311 ut
276 1286 344 1323 per
364 1272 575 1311 triennium
597 1287 663 1312 sex
682 1273 939 1323 pensionibus
960 1275 1107 1324 populo
1130 1275 1313 1312 Romano
1335 1275 1540 1320 solverent,

214 1339 323 1376 nullo
353 1351 487 1375 eorum
516 1346 719 1376 recusante
750 1351 795 1376 ac
827 1351 868 1377 se
898 1351 945 1376 eo
977 1339 1138 1377 demum
1168 1337 1233 1377 die
1258 1345 1371 1377 natos
1395 1337 1543 1388 praedi-

214 1410 347 1441 cantes
368 1401 459 1440 laeti
478 1402 618 1452 gratias
639 1410 759 1453 agunt
780 1403 947 1442 Caesari.

147 1473 195 1510 91
270 1469 355 1505 Rex
375 1465 529 1504 interim
554 1468 662 1514 Iuba,
687 1475 728 1505 ut
750 1482 795 1506 ex
816 1467 964 1517 proelio
992 1469 1150 1518 fugerat,
1174 1482 1253 1507 una
1276 1482 1366 1507 cum
1389 1468 1542 1507 Petreio
1564 1485 1604 1507 20

214 1531 383 1570 interdiu
406 1531 444 1569 in
466 1532 564 1570 villis
590 1532 780 1572 latitando
808 1534 967 1571 tandem
996 1533 1196 1572 nocturnis
1226 1533 1429 1572 itineribus
1453 1547 1543 1572 con-

213 1597 324 1635 fectis
356 1597 395 1636 in
429 1610 591 1647 regnum
627 1597 801 1647 pervenit
831 1606 948 1647 atque
978 1599 1028 1636 ad
1058 1598 1249 1648 oppidum
1279 1600 1452 1645 Zamam,
1476 1598 1543 1636 ubi

214 1661 296 1712 ipse
317 1662 572 1709 domicilium,
591 1661 776 1711 coniuges
798 1661 1020 1712 liberosque
1041 1663 1221 1709 habebat,
1241 1676 1320 1712 quo
1337 1676 1383 1701 ex
1398 1670 1542 1701 cuncto

213 1740 333 1776 regno
367 1740 527 1766 omnem
561 1726 770 1776 pecuniam
806 1727 1102 1777 carissimasque
1138 1741 1196 1766 res
1232 1734 1542 1777 comportaverat

213 1792 401 1841 quodque
430 1791 527 1829 inito
557 1792 662 1829 bello
692 1791 875 1841 operibus
906 1791 1083 1830 maximis
1118 1791 1345 1838 muniverat,
1376 1791 1539 1831 accedit.
1565 1810 1603 1841 ²5

178 1868 192 1889 2
215 1856 345 1903 Quem
371 1863 486 1893 antea
513 1855 701 1905 oppidani
733 1869 886 1894 rumore
911 1864 1093 1906 exoptato
1115 1857 1164 1895 de
1186 1855 1362 1895 Caesaris
1383 1852 1543 1895 victoria

212 1919 348 1958 audito
368 1921 420 1958 ob
441 1921 510 1958 has
531 1934 667 1958 causas
688 1921 837 1970 oppido
854 1921 1146 1971 prohibuerunt,
1163 1922 1271 1971 quod
1287 1921 1392 1960 bello
1408 1928 1544 1959 contra

214 1985 403 2034 populum
427 1986 655 2023 Romanum
686 1994 869 2036 suscepto
899 1986 937 2024 in
969 1986 1118 2036 oppido
1138 1988 1280 2024 Zamae
1310 1984 1422 2035 lignis
1451 1998 1542 2024 con-

212 2049 329 2097 gestis
360 2049 570 2088 maximam
600 2050 639 2087 in
670 2051 802 2089 medio
837 2052 920 2089 foro
954 2065 1086 2101 pyram
1122 2058 1386 2089 construxerat
1420 2057 1472 2096 ut,
1509 2050 1539 2088 si

212 2114 310 2151 forte
340 2114 444 2152 bello
475 2116 573 2153 foret
603 2123 816 2165 superatus,
849 2115 1033 2154 omnibus
1063 2116 1178 2154 rebus
1212 2129 1260 2154 eo
1291 2113 1538 2160 coacervatis,
1563 2133 1603 2164 30

212 2177 304 2216 dein
344 2178 493 2217 civibus
533 2179 684 2218 cunctis
722 2179 933 2218 interfectis
972 2181 1193 2230 eodemque
1232 2179 1414 2229 proiectis
1452 2178 1541 2228 igne

255 2291 274 2320 5
300 2282 368 2321 egit
385 2281 449 2312 DL
459 2282 513 2312 T':
539 2283 608 2322 agit
630 2283 669 2313 U
798 2294 837 2314 10
862 2283 932 2323 ipse
953 2283 1086 2314 Clarke:
1110 2284 1181 2322 ipsa
1197 2283 1235 2313 X
1323 2284 1361 2313 16
1385 2283 1540 2314 sestertio

215 2325 398 2356 Gronovius
415 2337 421 2355 ε
445 2326 637 2356 sestertium
653 2327 689 2357 X
778 2328 815 2356 18
839 2338 879 2357 eo
897 2328 1029 2357 demum
1044 2327 1096 2357 die
1111 2331 1208 2358 natos
1225 2325 1381 2366 lVocffin
1398 2338 1404 2357 :
1421 2327 1541 2357 eodem

213 2369 267 2399 die
284 2370 359 2400 dam
377 2374 475 2399 natos
493 2369 527 2399 D
543 2381 549 2399 z
573 2370 690 2400 eodem
705 2370 758 2400 die
776 2371 908 2400 demum
927 2375 1024 2401 natos
1040 2372 1062 2405 β
