1705 2729
590 152 723 189 INCE
732 152 824 189 RTI
856 152 1136 191 AVCTORIS

194 260 394 299 collocatis
422 261 683 312 operibusque
714 262 751 299 in
782 262 942 300 circuitu
971 262 1104 312 oppidi
1131 263 1367 302 continuatis
1389 263 1520 303 Uliam

156 334 175 364 6
197 325 456 375 Cassiumque
486 326 770 365 munitionibus
804 328 951 365 clausit.
1017 329 1129 376 Quae
1160 328 1263 378 prius
1293 342 1410 378 quam
1442 342 1522 378 per-

196 390 411 436 ficerentur,
436 390 636 441 Longinus
657 404 814 430 omnem
844 405 955 430 suum
985 391 1201 441 equitatum
1223 392 1350 431 emisit
1365 407 1374 440 3
1403 406 1521 443 quem

197 467 338 503 magno
373 454 446 492 sibi
481 468 552 492 usu
592 456 671 494 fore
711 457 905 503 credebat,
940 457 968 494 si
1005 457 1178 506 pabulari
1219 456 1522 506 frumentarique

198 520 429 557 Marcellum
457 532 536 557 non
561 527 765 569 pateretur,
789 535 931 571 magno
957 529 1088 559 autem
1118 523 1197 560 sore
1224 521 1519 572 impedimento,
1542 530 1559 562 5

196 582 225 619 si
265 584 419 621 clausus
462 582 670 622 obsidione
709 592 746 623 et
785 584 930 623 inutilis
975 585 1234 624 necessarium
1275 593 1522 624 consumeret

195 648 444 685 frumentum.

121 705 174 741 62
251 711 388 750 Paucis
418 711 558 750 diebus
589 714 637 761 Q.
668 714 778 753 Cassi
814 714 947 753 litteris
977 714 1147 765 acceptis
1178 729 1241 753 rex
1271 717 1401 765 Bogus
1431 728 1521 753 cum

195 776 316 825 copiis
338 777 443 814 venit
474 777 730 828 adiungitque
757 778 791 817 ei
819 779 961 829 legioni
992 793 1109 829 quam
1143 793 1276 818 secum
1307 780 1521 819 adduxerat

157 854 171 875 2
195 841 405 890 compluris
433 841 603 880 cohortis
629 842 845 882 auxiliarias
868 844 1149 894 Hispanorum.
1210 846 1393 894 Namque
1420 852 1461 882 ut
1483 843 1520 881 in
1548 858 1584 880 10

194 903 372 942 civilibus
403 905 713 945 dissensionibus
746 907 924 947 accidere
953 909 1167 955 consuevit,
1196 908 1248 946 ita
1279 908 1522 958 temporibus

194 968 267 1006 illis
292 968 331 1006 in
354 968 549 1019 Hispania
573 984 653 1009 non
674 973 803 1010 nullae
827 972 1001 1011 civitates
1025 974 1141 1011 rebus
1163 973 1273 1012 Cassi
1297 973 1519 1019 studebant,

155 1047 172 1077 3
194 1034 322 1083 plures
345 1035 576 1073 Marcellum
600 1036 793 1074 fovebant.
853 1037 1019 1075 Accedit
1040 1050 1129 1075 cum
1160 1035 1283 1087 copiis
1315 1039 1445 1086 Bogus
1470 1037 1522 1075 ad

194 1097 400 1136 exteriores
423 1099 598 1137 Marcelli
621 1100 868 1139 munitiones.
930 1103 1128 1151 Pugnatur
1151 1101 1346 1152 utrimque
1372 1101 1520 1148 acriter,

193 1163 408 1212 crebroque
438 1162 478 1201 id
507 1163 649 1202 accidit
679 1165 833 1203 fortuna
862 1178 978 1215 saepe
1007 1167 1056 1205 ad
1085 1173 1293 1215 utrumque
1320 1165 1522 1205 victoriam
1546 1178 1582 1210 15

194 1229 470 1273 transferente3
513 1241 585 1267 nec
619 1236 750 1268 tamen
786 1243 974 1281 umquam
1012 1231 1062 1269 ab
1098 1230 1281 1281 operibus
1315 1230 1523 1281 depellitur

196 1293 415 1329 Marcellus.

120 1356 174 1403 63
249 1355 410 1393 Interim
447 1357 619 1406 Lepidus
655 1372 700 1396 ex
732 1358 907 1398 citeriore
940 1359 1138 1409 provincia
1169 1373 1259 1398 cum
1294 1359 1521 1398 cohortibus

193 1418 412 1470 legionariis
443 1432 559 1458 XXXV
590 1435 811 1472 magnoque
838 1436 1002 1462 numero
1029 1423 1205 1473 equitum
1226 1430 1263 1462 et
1284 1424 1521 1474 reliquorum

192 1484 423 1523 auxiliorum
452 1486 557 1524 venit
587 1500 631 1524 ea
661 1495 792 1526 mente
814 1488 957 1534 Uliam,
988 1496 1029 1526 ut
1054 1488 1136 1527 sine
1163 1490 1242 1527 ullo
1273 1489 1403 1527 studio
1433 1502 1523 1527 con·
1543 1504 1583 1526 20

157 1549 389 1588 2tentiones
430 1551 540 1590 Cassi
581 1552 836 1602 Marcellique
875 1561 1139 1603 componeret.
1211 1553 1319 1592 Huic
1350 1552 1522 1591 venienti

194 1614 277 1652 sine
311 1614 557 1654 dubitatione
590 1617 799 1655 Marcellus
829 1630 870 1655 se
900 1617 1022 1656 credit
1046 1625 1164 1667 atque
1194 1619 1332 1665 offert3
1363 1617 1522 1657 Cassius

193 1686 328 1717 eontra
358 1679 436 1717 suis
467 1693 507 1718 se
537 1687 643 1718 tenet
670 1681 881 1731 praesidiiS,
906 1682 986 1720 sive
1010 1696 1058 1721 eo
1085 1683 1193 1732 quod
1217 1684 1303 1732 plus
1328 1682 1402 1721 sibi
1429 1682 1521 1721 iuris

193 1743 327 1782 deberi
360 1757 478 1793 quam
512 1747 701 1784 Marcello
730 1745 986 1793 existimabat,
1014 1747 1093 1785 sive
1123 1761 1170 1785 eo
1202 1747 1310 1796 quod
1340 1760 1389 1785 ne
1416 1760 1522 1797 prae-

194 1815 409 1857 occupatus
425 1809 579 1847 animus
597 1809 737 1859 Lepidi
755 1818 856 1848 esset
872 1811 1064 1861 obsequio
1079 1811 1288 1850 adversarii
1304 1812 1517 1850 verebatur.
1542 1825 1580 1857 ²5

158 1885 175 1915 3
196 1872 311 1910 Ponit
345 1874 395 1911 ad
428 1873 560 1912 Uliam
593 1881 717 1913 castra
750 1875 924 1925 Lepidus
959 1889 1087 1926 neque
1122 1877 1240 1915 habet
1273 1889 1297 1914 a
1332 1878 1521 1916 Marcello

194 1936 405 1987 quicquam
440 1938 562 1977 divisi.
637 1940 699 1977 Ne
733 1948 926 1990 pugnetur
958 1940 1177 1987 interdicit3
1216 1942 1267 1979 ad
1298 1942 1520 1980 exeundum

155 2019 176 2049 4
196 2001 375 2041 Cassium
397 2002 532 2041 invitat
553 2004 752 2053 fidemque
773 2018 883 2042 suam
904 2005 943 2042 in
965 2018 1004 2043 re
1025 2005 1133 2043 omni
1153 2004 1374 2055 interponit.
1418 2007 1520 2045 Cum

194 2066 262 2104 diu
294 2066 511 2105 dubitasset
542 2068 700 2107 Cassius
727 2068 823 2118 quid
850 2068 923 2107 sibi
948 2068 1171 2107 faciendum
1193 2069 1336 2119 quidve
1368 2069 1520 2120 Lepido

195 2138 296 2169 esset
325 2133 577 2179 credendum,
603 2147 731 2183 neque
756 2135 877 2171 ullum
906 2133 1051 2172 exitum
1078 2134 1214 2172 consili
1248 2134 1306 2172 sui
1338 2134 1521 2185 reperiret
1541 2150 1580 2181 30

195 2195 226 2234 si
260 2204 503 2246 permaneret
542 2197 581 2235 in
620 2197 821 2244 sententia,
859 2200 1029 2248 postulat
1067 2198 1122 2236 uti
1156 2198 1394 2237 munitiones
1433 2199 1521 2238 disi-

239 2310 257 2338 4
283 2309 404 2339 magno
423 2300 639 2341 Oudend01y>z
666 2311 706 2332 m.
729 2301 790 2331 D':
817 2312 881 2332 om.
901 2303 924 2336 β
1004 2302 1078 2332 usui
1098 2303 1120 2336 β
1217 2313 1239 2340 9
1263 2301 1386 2341 legioni
1404 2302 1518 2334 Ittm'n:

195 2341 364 2382 legionem
381 2343 419 2373 X
507 2354 546 2375 10
570 2344 758 2383 complures
775 2344 889 2375 Izm‘n:
916 2345 1172 2385 compluresque
1190 2344 1227 2374 X
1295 2345 1482 2376 auxiliariis
1497 2347 1520 2381 β

199 2395 237 2425 13
261 2387 448 2425 complures
460 2386 518 2417 LA
585 2387 744 2418 Marcello
762 2388 918 2418 favebant
932 2388 970 2418 L'
1032 2388 1142 2427 Bogas
1153 2388 1186 2418 D
