1705 2729
600 129 836 167 INCERTI
869 129 1151 169 AVCTORIS

144 249 189 276 10
265 238 417 279 Caesar,
461 246 501 275 ut
541 252 608 288 per
648 252 688 277 se
727 239 935 277 consilium
981 248 1137 289 caperet
1181 240 1277 290 quid
1316 241 1539 280 faciendum

209 301 412 348 videretur,
438 316 577 341 navem
605 303 837 342 conscendit
862 311 979 353 atque
1001 317 1161 342 omnem
1182 306 1347 344 classem
1369 318 1409 344 se
1430 305 1540 356 sequi

209 365 318 404 iussit
348 366 464 404 nullis
494 367 636 405 nostris
668 367 857 406 militibus
888 367 1092 418 impositis,
1117 369 1236 418 quod,
1267 382 1357 408 cum
1387 369 1541 419 longius

173 447 185 467 2
208 431 325 479 paulo
368 430 597 477 discederet,
641 431 880 470 munitiones
929 433 1077 470 nudare
1117 433 1286 471 nolebat.
1358 434 1540 484 Cumque

207 495 257 532 ad
291 509 380 532 eum
416 497 547 534 locum
584 495 851 542 accessissent,
884 496 951 545 qui
981 498 1198 546 appellatur
1227 498 1537 545 Chersonensus,
1559 506 1576 537 5

207 560 460 610 aquandique
482 574 599 599 causa
620 560 786 611 remiges
807 561 846 599 in
868 570 1007 599 terram
1030 561 1311 611 exposuissent,
1335 575 1416 600 non
1444 561 1539 600 nulli

207 637 252 661 ex
273 637 320 662 eo
341 638 516 671 numero,
541 638 632 663 611111
660 625 815 675 longius
835 639 858 663 a
878 625 1043 663 navibus
1074 626 1304 675 praedatum
1334 626 1540 676 processis-

170 700 186 730 3
206 695 301 733 sent,
318 689 368 726 ab
385 689 583 738 equitibus
601 689 775 727 hostium
792 697 883 727 sunt
903 689 1065 739 excepti.
1119 691 1176 727 Ex
1193 689 1252 727 his
1270 698 1538 740 cognoverunt

207 752 414 790 Caesarem
436 753 563 803 ipsum
586 753 626 791 in
647 755 770 792 classe
783 753 936 792 venisse
952 767 1025 792 1166
1042 755 1142 792 111105
1159 753 1300 792 milites
1318 754 1356 792 in
1373 755 1538 794 navibus

206 817 359 854 habere.
420 818 510 865 Qua
539 831 579 855 re
614 825 815 867 comperta
849 831 1031 867 magnam
1059 817 1133 856 sibi
1164 819 1387 857 facultatem
1422 821 1538 858 fortu-
1561 829 1598 851 10

168 894 186 923 4
207 894 296 917 nam
318 881 507 920 obtulisse
530 882 631 920 bene
655 883 850 932 gerendae
870 882 924 920 rei
946 882 1205 920 crediderunt.
1269 885 1407 933 Itaque
1428 883 1537 922 navis

205 944 333 983 omnis
365 959 462 995 quas
496 955 649 996 paratas
684 947 902 985 habuerant
936 947 986 985 ad
1021 946 1286 996 navigandum
1322 961 1538 998 propugna-

206 1009 354 1047 toribus
375 1010 639 1048 instruxerunt
661 1010 899 1060 Caesarique
929 1010 1108 1049 redeunti
1139 1024 1228 1049 curn
1257 1012 1379 1050 classe
1407 1025 1537 1050 066111-

168 1086 184 1117 5
205 1082 345 1113 rerunt.
406 1074 485 1123 Qui
525 1076 680 1114 duabus
715 1077 765 1114 de
797 1074 924 1113 causis
959 1089 1006 1114 eo
1038 1075 1102 1113 die
1137 1075 1323 1114 dimicare
1362 1077 1533 1122 nolebat,

204 1140 311 1188 quod
342 1147 379 1177 et
409 1141 537 1178 nullos
568 1140 710 1178 milites
740 1139 779 1177 in
811 1139 976 1178 navibus
1012 1140 1183 1178 habebat
1213 1148 1251 1178 et
1280 1147 1369 1189 post
1399 1141 1535 1179 horam
1558 1153 1594 1185 15

204 1215 242 1240 x.
266 1203 343 1242 diei
365 1217 423 1242 res
444 1205 641 1254 agebatur,
665 1218 743 1243 nox
769 1212 901 1243 autem
931 1205 1093 1242 allatura
1113 1204 1319 1242 videbatur
1346 1205 1535 1244 maiorem

203 1267 388 1306 fiduciam
419 1268 502 1315 illis,
527 1269 594 1319 qui
623 1270 800 1308 locorum
831 1268 969 1307 notitia
999 1269 1283 1317 confidebant,
1314 1268 1388 1308 sibi
1417 1270 1535 1309 etiam

203 1332 386 1371 hortandi
408 1346 499 1372 suos
523 1333 710 1372 auxilium
738 1335 974 1380 defuturum,
999 1334 1108 1383 quod
1138 1334 1245 1371 nulla
1272 1333 1364 1372 satis
1392 1333 1536 1374 idonea

203 1404 305 1435 esset
344 1397 513 1436 hortatio
552 1411 653 1447 quae
687 1411 816 1447 neque
848 1397 1030 1436 virtutem
1065 1405 1198 1447 posset
1231 1405 1368 1437 notare
1406 1413 1535 1449 neque

165 1470 184 1500 6
203 1460 392 1500 inertiam.
454 1461 610 1510 Quibus
645 1463 694 1501 de
728 1461 855 1500 causis
885 1462 993 1500 navis
1023 1475 1120 1512 quas
1154 1462 1282 1512 potuit
1310 1463 1454 1501 Caesar
1484 1465 1535 1502 ad
1556 1479 1595 1501 20

203 1533 342 1564 terram
391 1527 570 1573 detrahit,
612 1540 730 1576 quem
771 1526 810 1564 in
849 1528 980 1565 locum
1029 1526 1116 1564 illos
1165 1539 1413 1583 successuros
1452 1541 1533 1567 non

201 1591 458 1630 existimabat.

146 1667 182 1694 11
256 1657 348 1693 Erat
369 1669 447 1694 una
467 1656 575 1694 navis
598 1655 757 1694 Rhodia
777 1655 817 1693 in
839 1656 975 1694 dextro
999 1655 1176 1695 Caesaris
1197 1668 1319 1694 cornu
1348 1657 1464 1707 longe
1483 1658 1534 1696 ab

201 1719 358 1769 reliquis
392 1722 593 1759 collocata.
654 1722 773 1758 Hanc
802 1719 1018 1770 conspicati
1050 1721 1183 1758 hostes
1212 1733 1293 1758 non
1325 1728 1534 1759 tenuerunt

202 1798 297 1831 sese,
335 1798 559 1835 magnoque
593 1784 743 1834 impetu
776 1797 838 1822 1111
878 1785 928 1822 ad
967 1797 1053 1822 earn
1089 1792 1309 1823 constratae
1341 1798 1460 1824 naves
1495 1793 1533 1824 et
1555 1797 1592 1828 25

165 1864 180 1885 2
202 1851 423 1899 complures
456 1856 612 1899 apertae
642 1849 941 1888 contenderunt.
1002 1848 1077 1887 Cui
1109 1856 1268 1887 coactus
1298 1856 1356 1887 est
1390 1851 1534 1889 Caesar

202 1915 297 1952 serre
312 1914 542 1959 subsidium,
554 1927 604 1952 ne
618 1921 770 1963 turpem
785 1913 825 1951 in
839 1920 1054 1963 conspectu
1067 1912 1241 1951 hostium
1251 1914 1531 1952 contumeliam

201 1978 404 2028 acciperet,
428 1991 680 2028 quamquam,
704 1978 735 2015 si
762 1977 858 2027 quid
881 1977 1034 2028 gravius
1058 1976 1132 2014 illis
1153 1977 1368 2024 accidisset,
1394 1978 1532 2017 merito

165 2057 182 2087 3
201 2056 382 2080 casurum
412 2042 621 2081 iudicabat.
682 2041 879 2081 Proelium
906 2041 1162 2080 commissum
1189 2050 1247 2081 est
1269 2056 1410 2093 magna
1440 2057 1531 2081 con-

201 2106 377 2145 tentione
403 2107 677 2154 Rhodiorum,
711 2106 778 2157 qui
808 2120 898 2145 cum
928 2106 968 2144 in
998 2106 1182 2145 omnibus
1209 2106 1530 2146 dimicationibus
1551 2121 1590 2151 30

201 2178 239 2209 et
266 2170 427 2209 scientia
448 2178 485 2209 et
498 2171 639 2209 virtute
659 2171 951 2221 praestitissent,
976 2178 1059 2209 tum
1080 2171 1248 2218 maxime
1269 2171 1335 2210 illo
1352 2179 1528 2221 tempore

245 2285 264 2312 4
290 2273 407 2304 nudari
439 2273 479 2304 U*
613 2284 632 2313 5
657 2274 856 2306 accessisset
883 2274 997 2305 Aldus
1138 2276 1159 2305 6
1184 2275 1399 2314 exposuisset
1417 2274 1530 2305 Aldus

203 2318 242 2348 18
266 2318 355 2356 quod
374 2317 466 2348 nulla
483 2316 590 2348 D'L':
617 2328 683 2356 quo
700 2318 791 2348 nulla
808 2318 844 2348 T'
933 2329 973 2356 23
999 2318 1167 2357 longeque
1184 2318 1229 2349 D'
1319 2328 1358 2357 27
1384 2318 1529 2350 hostium

201 2361 230 2391 L
248 2372 254 2391 :
281 2371 344 2392 om.
365 2365 427 2392 cett.
520 2371 562 2399 29
587 2362 804 2392 contentione
822 2361 885 2392 D':
913 2362 1084 2392 contentio
1099 2363 1122 2396 β
