1705 2729
457 138 529 174 DE
562 136 740 173 BELLO
772 135 945 173 CIVILI
980 136 1079 172 LIB.
1116 137 1179 172 III

162 247 481 285 commutandam
530 246 620 284 belli
666 244 853 282 rationem
898 244 1138 283 existimavit.
1219 247 1357 295 Itaque
1400 259 1479 284 uno
1503 261 1516 282 2

161 319 335 360 tempore
366 309 566 359 praesidiis
598 309 781 347 omnibus
820 309 1000 347 deductis
1035 316 1071 346 et
1105 310 1397 359 oppugnatione
1427 310 1481 348 di-

161 374 276 412 missa
300 381 516 423 coactoque
544 373 582 411 in
609 386 730 411 unum
761 374 891 411 locum
922 372 1089 410 exercitu
1119 373 1345 411 contionem
1375 375 1481 423 apud

161 437 301 475 milites
323 437 458 475 habuit
479 438 734 486 hortatusque
755 444 812 474 est
840 450 889 474 ne
917 450 961 474 ea
982 450 1082 485 quae
1102 437 1337 476 accidissent
1363 437 1481 486 gravi—

124 516 139 545 5
160 509 216 540 ter
246 503 387 540 ferrent
417 514 515 539 neve
549 501 607 538 his
639 502 754 539 rebus
786 508 1017 539 terrerentur
1050 501 1261 550 multisque
1300 501 1481 540 secundis

159 565 314 615 proeliis
344 578 465 603 unum
490 566 695 603 adversum
723 572 760 603 et
790 565 830 603 id
860 565 1056 603 mediocre
1086 573 1340 615 opponerent.
1402 568 1483 604 Ha·
1505 576 1522 606 3

160 630 331 667 bendam
352 631 529 667 fortunae
555 629 727 678 gratiam,
750 631 857 678 quod
880 629 1033 667 Italiam
1064 629 1147 666 sine
1170 629 1302 678 aliquo
1323 631 1482 667 vulnere

160 693 363 742 cepissent,
387 694 495 742 quod
515 694 612 731 duas
634 692 847 743 Hispanias
868 693 1253 731 bellicosissimorum
1274 694 1481 732 hominum

160 756 399 806 peritissimis
420 764 537 806 atque
559 757 884 795 exercitatissimis
905 757 1071 795 ducibus
1096 757 1351 807 pacavissent‚
1375 759 1482 807 quod

102 840 142 862 10
160 821 343 859 finitimas
367 821 714 871 frumentariasque
743 821 960 871 provincias
990 821 1029 859 in
1058 829 1292 871 potestatem
1320 821 1484 871 redegis-

161 893 269 933 sent,
302 885 472 935 denique
500 886 693 924 recordari
723 887 867 924 debere
892 899 968 935 qua
998 885 1180 924 felicitate
1205 886 1304 924 inter
1334 886 1482 924 medias

159 949 330 988 hostium
370 949 501 988 classis
540 950 707 999 oppletis
749 963 829 989 non
868 951 994 988 solum
1034 950 1209 999 portibus
1252 952 1321 988 sed
1367 950 1483 987 etiam

160 1014 336 1052 litoribus
376 1027 512 1052 omnes
559 1014 776 1052 incolumes
815 1021 944 1052 essent
983 1014 1240 1063 transportati.
1318 1014 1356 1051 Si
1403 1027 1522 1057 non4

161 1078 293 1116 omnia
313 1079 497 1117 caderent
524 1079 708 1125 secunda,
731 1080 926 1116 fortunam
952 1091 1036 1116 esse
1063 1078 1252 1116 industria
1282 1078 1484 1116 sublevan-

104 1152 139 1183 15
161 1143 262 1180 dam.
324 1144 443 1190 Quod
483 1150 583 1180 esset
627 1150 832 1192 acceptum
873 1141 1107 1188 detrimenti,
1148 1142 1315 1179 cuiusvis
1355 1141 1483 1191 potius

160 1219 277 1256 quam
310 1220 402 1244 suae
437 1208 574 1256 culpae
608 1207 752 1245 debere
787 1206 911 1244 tribui.
974 1208 1124 1244 Locum
1158 1219 1198 1244 se
1229 1219 1398 1255 aequum
1433 1207 1483 1244 ad
1505 1217 1520 1247 5

159 1271 428 1309 dimicandum
454 1270 618 1317 dedisse,
643 1271 810 1320 potitum
836 1285 877 1309 se
898 1285 981 1310 esse
1009 1270 1180 1309 hostium
1202 1270 1346 1317 castris,
1369 1283 1484 1319 expu—

160 1335 247 1374 lisse
267 1349 313 1374 ac
334 1348 535 1386 superasse
556 1335 774 1385 pugnantis.
835 1337 913 1374 Sed
934 1335 1013 1374 sive
1044 1335 1216 1385 ipsorum
1244 1334 1484 1384 perturbatio

160 1400 239 1447 sive
273 1413 375 1438 error
405 1400 544 1450 aliquis
579 1399 658 1437 sive
690 1399 806 1438 etiam
838 1401 991 1438 fortuna
1021 1407 1169 1449 partam
1201 1399 1277 1436 iam
1308 1411 1485 1448 praesen-

103 1478 142 1500 20
161 1471 319 1514 temque
339 1464 539 1503 victoriam
565 1463 896 1514 interpellavisset,
920 1464 1090 1502 dandam
1113 1462 1297 1501 omnibus
1325 1475 1482 1512 operam

161 1536 202 1566 ut
222 1536 427 1579 acceptum
448 1529 746 1567 incommodum
763 1528 902 1566 virtute
923 1527 1133 1566 sarciretur.
1194 1528 1315 1575 Quod
1336 1526 1366 1564 si
1383 1534 1483 1564 esset
1503 1532 1522 1564 6

161 1595 317 1641 facturn,
329 1594 515 1643 futurum
536 1600 578 1631 ut
609 1593 888 1631 detrimentum
918 1592 957 1630 in
985 1593 1134 1630 bonum
1156 1598 1330 1638 verteret,
1354 1591 1407 1628 uti
1433 1592 1483 1630 ad

161 1658 394 1707 Gergoviam
421 1657 639 1704 accidisset,
661 1664 778 1707 atque
800 1656 834 1695 ei
855 1657 921 1706 qui
948 1664 1038 1694 ante
1059 1656 1244 1694 dimicare
1265 1655 1484 1694 timuissent

162 1724 261 1760 ultro
282 1736 323 1761 se
343 1722 491 1772 proelio
512 1723 702 1760 offerrent.

104 1794 140 1825 ²5
219 1788 307 1824 Hac
352 1786 485 1824 habita
523 1786 707 1824 contione
746 1798 825 1823 non
865 1786 992 1823 nullos
1031 1784 1232 1835 signiferos
1271 1783 1483 1834 ignominia
1503 1792 1553 1830 74

162 1851 309 1889 notavit
347 1864 392 1889 ac
431 1852 519 1889 loco
564 1850 694 1889 movit.
775 1849 970 1888 Exercitui
1009 1849 1168 1899 quidem
1208 1849 1316 1887 omni
1354 1856 1484 1886 tantus
1506 1859 1520 1880 2

161 1915 317 1953 incessit
338 1929 385 1953 ex
414 1915 668 1953 incommodo
698 1916 810 1953 dolor
837 1921 1069 1964 tantumque
1099 1913 1273 1952 studium
1302 1912 1485 1950 infamiae

160 1979 384 2018 sarciendae
418 1986 459 2017 ut
491 1993 608 2018 nemo
642 1987 708 2017 aut
742 1979 885 2017 tribuni
915 1986 981 2016 aut
1012 1977 1249 2016 centurionis
1278 1977 1484 2026 imperium

159 2043 394 2081 desideraret
433 2051 469 2082 et
509 2043 581 2082 sibi
621 2043 786 2093 quisque
825 2043 942 2081 etiam
982 2055 1132 2092 poenae
1172 2043 1259 2080 loco
1293 2041 1485 2090 graviores

104 2123 143 2153 30
161 2107 378 2157 imponeret
404 2109 556 2146 labores
580 2108 774 2156 simulque
804 2120 941 2145 omnes
965 2109 1145 2145 arderent
1175 2105 1389 2154 cupiditate
1418 2119 1483 2154 pu-

160 2172 316 2221 gnandi,
332 2185 421 2210 curn
436 2172 642 2222 superioris
657 2171 772 2210 etiam
790 2171 936 2209 ordinis
951 2184 1029 2208 non
1044 2171 1139 2208 nulli
1156 2170 1304 2208 ratione
1318 2169 1483 2219 permoti

204 2275 223 2304 8
248 2275 416 2313 cepissent
439 2275 487 2304 L:
529 2275 722 2313 coepissent
740 2273 857 2304 DUT:
896 2273 1086 2313 caepissent
1104 2272 1183 2304 EV:
1227 2273 1434 2312 recepissent
1456 2273 1488 2303 F

165 2327 199 2346 11
226 2317 380 2348 facilitate
398 2318 461 2348 LF
546 2328 584 2355 13
611 2317 646 2347 Si
665 2319 685 2346 ἦ
703 2317 768 2348 L²z
793 2317 844 2347 sin
863 2320 924 2348 cett.
1031 2319 1068 2346 16
1092 2327 1128 2346 se
1145 2326 1288 2354 aequum
1308 2315 1482 2347 Vz'clom'ns:

162 2370 275 2390 secum
291 2361 426 2391 D‘L'T:
451 2371 487 2390 se
506 2361 554 2390 eis
576 2361 605 2388 V
719 2370 760 2390 22
784 2360 930 2390 futurum
948 2359 1020 2390 add.
1038 2359 1160 2390 Mense!
1291 2370 1332 2398 30
1356 2359 1481 2399 cupidi·

162 2408 230 2433 tate
248 2404 436 2443 pugnandi]
457 2404 628 2442 pugnandi
647 2403 828 2442 cupiditate
846 2402 890 2432 D‘
