1705 2729
629 154 863 191 INCERTI
896 152 1177 191 AVCTORIS

204 285 216 305 2
238 268 434 317 praefecto
456 274 612 316 torques
632 278 770 304 aureos
792 277 815 302 v
836 273 873 303 et
894 265 965 302 levi
988 272 1204 303 armaturae
1221 264 1326 303 milia
1346 276 1417 303 ΧΠ.
1474 266 1566 303 Hoc

238 332 302 370 die
341 334 386 369 A.
430 331 598 369 Baebius
637 337 675 368 et
714 331 758 369 C.
801 329 954 368 Flavius
994 338 1030 367 et
1066 332 1111 367 A.
1145 329 1376 375 Trebellius,
1417 329 1566 379 equites

240 395 411 433 Romani
438 397 637 441 AstenseS,
659 402 820 444 argento
849 407 971 444 prope
1001 393 1093 432 tecti
1122 393 1322 443 †equites†
1351 394 1401 431 ad
1429 394 1568 432 Caesa-

240 473 320 497 rem
342 460 652 508 transfugerunt,
682 458 749 508 qui
774 458 1051 496 nuntiaverunt
1071 457 1222 507 equites
1246 459 1448 495 Romanos
1478 470 1568 495 con-

239 523 384 561 iurasse
411 523 539 561 omnis
567 522 633 572 qui
661 522 700 559 in
725 522 858 560 castris
890 522 1053 572 Pompei
1081 529 1211 560 essent
1235 530 1277 559 ut
1297 521 1567 560 transitionem

239 588 409 626 facerent
426 602 433 634 ;
463 587 560 626 servi
591 587 736 625 indicio
766 587 894 625 omnis
925 587 963 624 in
993 586 1212 624 custodiam
1243 599 1328 625 esse
1355 586 1565 632 coniectos,

202 664 259 694 3e
294 652 436 702 quibus
471 651 679 690 occasione
713 659 826 702 capta
860 666 900 690 se
935 650 1195 700 transfugisse.
1257 652 1358 688 Item
1393 652 1470 688 hoc
1503 649 1568 688 die

238 718 387 756 litterae
417 725 506 755 sunt
536 719 764 767 deprensae,
785 730 881 766 quas
912 716 1090 755 mittebat
1113 718 1335 755 Ursaonem
1358 716 1430 754 Cn.
1455 717 1568 753 Pom-

238 783 372 833 peius:
404 783 461 820 ζΞ.
479 784 525 820 V.
546 784 591 820 G.
617 784 660 820 E.
679 784 725 819 V.
788 781 880 828 Etsi,
904 789 1019 831 prout
1046 788 1178 819 nostra
1207 780 1380 827 felicitas,
1410 794 1456 818 ex
1485 793 1568 818 sen-

238 847 359 885 tentia
385 846 626 885 adversarios
653 847 783 885 adhuc
808 848 1014 896 propulsos
1035 846 1238 892 habemus,
1263 843 1362 897 [qui]
1385 844 1415 883 si
1439 857 1568 895 aequo

238 914 327 951 loco
362 912 420 950 sui
454 919 689 962 potestatem
720 913 901 959 facerent,
936 911 1098 950 celerius
1129 924 1248 961 quam
1280 917 1404 949 vestra
1434 909 1569 960 opinio

200 991 219 1020 4
239 979 310 1016 fert
330 978 478 1016 bellum
499 977 756 1016 confecissem
773 992 781 1023 3
811 978 880 1015 sed
901 976 1112 1015 exercitum
1133 976 1300 1014 tironem
1320 988 1401 1013 non
1421 976 1569 1013 audent

238 1042 278 1079 in
312 1055 495 1091 campum
535 1042 731 1080 deducere
769 1040 989 1091 nostrisque
1027 1041 1157 1079 adhuc
1195 1039 1329 1079 †freti†
1367 1038 1569 1089 praesidiis

239 1108 387 1146 bellum
422 1107 582 1145 ducunt.
644 1107 748 1144 Nam
787 1105 957 1155 singulas
995 1105 1170 1143 civitates
1209 1104 1567 1143 circumsederunt:

202 1181 219 1212 5
239 1171 332 1210 inde
353 1171 426 1210 sibi
447 1178 691 1210 commeatus
712 1170 881 1221 capiunt.
943 1172 1074 1220 Quare
1095 1178 1132 1208 et
1153 1169 1327 1208 civitates
1348 1176 1567 1207 nostrarum

239 1236 407 1287 partium
428 1236 670 1275 conservabo
695 1243 732 1274 et
755 1236 902 1274 bellum
930 1235 1056 1285 primo
1086 1248 1245 1285 quoque
1274 1242 1450 1284 ternpore
1479 1246 1570 1272 con-

202 1308 222 1340 6
242 1301 380 1339 ficiam.
451 1301 645 1340 Cohortes
686 1331 692 1337 .
738 1331 743 1338 .
789 1331 794 1337 .
838 1299 971 1338 animo
1014 1300 1142 1337 babeo
1189 1300 1240 1337 ad
1287 1311 1355 1336 vos
1403 1297 1566 1336 mittere.

241 1367 422 1404 Profectu
443 1373 576 1404 nostro
592 1371 814 1403 commeatu
835 1364 973 1415 privati
993 1363 1212 1402 necessario
1228 1364 1277 1402 ad
1299 1362 1569 1402 dimicandum

239 1432 506 1470 descendent]

170 1508 220 1548 27
295 1495 525 1546 Insequenti
555 1503 732 1546 tempore
761 1509 850 1534 cum
882 1495 1002 1534 nostri
1033 1495 1072 1532 in
1102 1507 1219 1545 opere
1242 1493 1402 1534 distenti
1426 1501 1567 1542 essent,

240 1560 390 1610 equites
424 1560 464 1598 in
495 1559 650 1607 oliveto,
684 1561 779 1599 dum
810 1559 1015 1609 lignantur,
1051 1558 1241 1597 interfecti
1280 1566 1371 1597 sunt
1408 1558 1567 1608 aliquot.

204 1642 219 1663 2
241 1625 347 1663 Servi
373 1626 669 1674 transfugerunt,
703 1624 770 1674 qui
799 1623 1086 1670 nuntiaverunt,
1118 1636 1150 1661 a.
1167 1624 1203 1662 d.
1232 1635 1289 1661 111.
1313 1624 1417 1661 Non.
1452 1624 1566 1661 Mart.

241 1689 431 1740 proelium
463 1690 514 1727 ad
549 1688 778 1727 Soricariam
811 1689 918 1738 quod
949 1689 1096 1726 factum
1130 1696 1199 1734 est,
1231 1701 1278 1725 ex
1312 1700 1360 1726 eo
1393 1695 1571 1737 tempore

241 1761 390 1792 metum
429 1767 513 1792 esse
552 1767 748 1803 magnum,
789 1761 827 1791 et
865 1752 1016 1791 Attium
1051 1754 1199 1790 Varum
1233 1751 1379 1790 circum
1413 1752 1571 1789 castella

205 1834 222 1865 3
240 1832 429 1868 praeesse.
485 1820 544 1856 Eo
565 1819 629 1856 die
651 1817 862 1868 Pompeius
883 1825 1007 1856 castra
1027 1817 1148 1855 movit
1169 1824 1206 1855 et
1227 1824 1362 1855 contra
1374 1815 1570 1866 †Spalim†
1612 1830 1627 1862 .'

240 1884 280 1920 in
315 1883 459 1921 oliveto
493 1882 705 1921 constituit.
766 1883 911 1922 Caesar
942 1882 1047 1931 prius
1078 1894 1196 1931 quam
1227 1882 1369 1919 eodem
1399 1888 1456 1919 est
1485 1893 1569 1930 pro-

202 1963 218 1992 4
241 1949 376 1994 fectus,
400 1949 492 1986 luna
520 1948 616 1986 hora
645 1946 795 1985 circiter
824 1954 931 1985 sexta
960 1946 1041 1984 visa
1071 1953 1138 1984 est.
1201 1947 1261 1983 Ita
1289 1944 1423 1983 castris
1453 1944 1569 1982 motis

289 2061 301 2080 1
330 2051 417 2082 milia
435 2062 483 2082 ΧΠ
502 2051 593 2082 cdd:
628 2051 683 2082 mil
708 2062 766 2083 offe
790 2053 823 2082 ὃ
848 2051 961 2083 codd:
993 2050 1168 2081 denarium
1193 2049 1260 2079 duo
1275 2048 1364 2079 milia
1382 2046 1567 2078 Mommsen

245 2105 259 2126 2
279 2094 411 2133 equites
424 2093 476 2124 X:
497 2105 602 2134 equos
619 2095 821 2126 cod.N01¹vic.
915 2105 934 2133 3
959 2095 1057 2125 tectis
1068 2094 1164 2132 equis
1178 2091 1345 2132 Glandorp
1438 2102 1476 2122 10
1493 2101 1568 2130 pro-

243 2138 339 2177 pulso
357 2138 421 2168 cod.
441 2137 560 2178 Scalzg.
740 2139 903 2169 habemus
919 2137 994 2168 add.
1014 2137 1082 2168 edd.
1101 2147 1140 2166 ex
1149 2135 1234 2167 codd.
1248 2146 1316 2166 recc.
1427 2134 1483 2173 qui
1501 2144 1566 2164 om.

244 2180 331 2211 codd.
359 2191 428 2211 rece.
544 2192 582 2212 12
606 2182 752 2212 tironem
776 2181 887 2212 DFT:
915 2181 1061 2211 tironum
1089 2179 1154 2210 UV
1268 2188 1304 2216 13
1331 2177 1407 2208 freti
1431 2176 1568 2207 DU‘V:

243 2224 300 2254 fixi
331 2223 365 2260 T,
384 2224 451 2255 edd.
472 2237 477 2255 :
514 2226 632 2256 irretiti
645 2225 834 2255 Mommscn
972 2234 1007 2262 17
1029 2227 1102 2263 post
1126 2222 1294 2253 Cohortes
1323 2221 1478 2250 lacunam
1503 2224 1565 2250 not.

243 2267 402 2297 Knebler:
427 2269 460 2297 in
479 2268 554 2298 add.
574 2268 695 2298 Daw'es
712 2273 770 2298 ‘ex
785 2268 850 2299 cod.
874 2267 1025 2298 Orneon)
1119 2267 1157 2296 18
1183 2265 1340 2295 Profectu
1357 2262 1566 2293 Mommsen:

246 2310 400 2340 Profecto
433 2310 469 2340 X
598 2322 639 2350 23
663 2313 704 2342 ad
739 2312 939 2342 Soricariam
974 2310 1104 2340 Clarke:
1141 2309 1183 2340 ad
1209 2307 1371 2339 Soriciam
1399 2306 1490 2341 U‘V;
1525 2306 1567 2336 ad

245 2353 352 2383 sitici&
382 2354 425 2385 T:
460 2354 575 2384 adfore
598 2354 633 2383 D
766 2364 806 2392 25
833 2354 961 2393 Spalim
986 2352 1118 2383 DU'T:
1154 2352 1287 2391 Sparim
1313 2350 1362 2380 V:
1396 2349 1568 2389 vulgatam

244 2398 464 2426 correctr'otmn
485 2398 650 2436 Hispalim
668 2399 813 2438 coazgm'l
828 2397 1016 2427 Mommsen

1590 863 1628 886 10

1589 1185 1626 1217 15

1590 1509 1628 1531 20
