1705 2729
453 142 526 177 DE
559 141 738 179 BELLO
769 141 978 179 AFRICO
1011 142 1178 178 LIBER

151 250 215 289 die
237 250 433 288 universas
461 263 549 288 suas
575 250 751 300 regisque
781 249 914 299 copias
945 263 1035 288 cum
1067 251 1283 300 elephantis
1314 263 1364 288 Lx
1390 265 1474 301 pro-

151 316 288 353 ductas
328 314 366 352 in
405 314 530 353 aciem
569 328 686 364 quam
726 313 1014 364 speciosissime
1048 314 1175 363 potuit
1214 315 1391 353 instruxit
1428 330 1473 354 ac

151 380 268 429 paulo
295 378 447 428 longius
476 392 701 429 progressus
721 379 771 416 ab
793 378 871 416 suis
899 378 1183 416 munitionibus
1208 380 1313 417 haud
1334 379 1385 417 ita
1406 379 1472 418 diu

151 450 414 481 commoratus
436 456 475 480 se
497 442 631 492 recipit
651 442 689 479 in
711 450 844 480 castra.

114 521 132 553 5
206 509 350 546 Caesar
378 515 587 557 postquam
616 506 888 544 animadvertit
918 506 1091 556 Scipioni
1114 507 1255 545 auxilia
1275 509 1352 546 fere
1373 521 1473 557 quae
1491 514 1547 553 49

152 579 412 621 exspectasset
455 571 588 609 omnia
634 571 864 609 convenisse
907 585 1035 621 neque
1083 585 1232 610 moram
1274 572 1474 622 pugnandi

152 638 270 674 ullam
291 637 382 682 fore,
406 649 473 685 per
493 635 625 685 iugum
647 649 845 673 summum
875 649 965 673 cum
995 635 1118 686 copiis
1148 636 1326 686 progredi
1347 636 1475 686 coepit

152 708 189 738 et
220 699 401 738 bracchia
430 699 606 749 protinus
636 700 779 737 ducere
809 707 846 737 et
876 701 1033 737 castella
1061 700 1212 738 munire
1237 700 1475 750 propiusque

153 763 377 813 Scipionem
417 762 611 812 capiendo
648 764 734 801 loca
768 765 920 801 excelsa
958 777 1149 814 occupare
1185 764 1400 811 contendit,
1433 777 1477 801 ne

96 845 133 867 10
151 827 357 867 adversarii
389 826 657 877 magnitudine
688 826 887 877 copiarum
915 827 1053 865 confisi
1080 827 1300 878 proximum
1334 829 1474 866 collem

152 899 389 942 occuparent
426 898 543 940 atque
583 891 635 928 ita
674 891 825 941 longius
865 892 938 930 sibi
977 891 1250 941 progrediendi
1285 892 1476 942 eriperent

152 958 386 995 facultatem.
448 955 637 994 Eiusdem
676 955 786 993 collis
829 956 1050 1005 occupandi
1082 955 1237 1008 [gratia]
1279 956 1475 994 Labienus
1498 971 1512 991 2

151 1020 359 1059 consilium
387 1028 542 1070 ceperat
572 1028 609 1058 et
644 1033 723 1069 quo
753 1020 932 1071 propiore
965 1021 1052 1059 loco
1085 1021 1206 1059 fuerat
1237 1034 1284 1059 eo
1314 1020 1476 1059 celerius

152 1092 379 1123 occurrerat.

96 1167 132 1200 15
208 1151 299 1187 Erat
317 1148 503 1187 convallis
525 1149 615 1186 satis
638 1162 778 1199 magna
799 1149 1013 1195 latitudine,
1032 1149 1238 1188 altitudine
1259 1157 1474 1199 praerupta,
1496 1159 1549 1198 50

152 1213 295 1251 crebris
339 1212 434 1250 locis
479 1215 688 1263 speluncae
733 1213 771 1250 in
820 1215 983 1251 modum
1029 1213 1210 1260 subrutis,
1255 1227 1355 1263 quae
1398 1222 1477 1252 erat

152 1277 472 1327 transgredienda
512 1277 679 1324 Caesari,
714 1285 804 1315 ante
839 1291 956 1327 quam
986 1278 1036 1315 ad
1066 1291 1156 1315 eum
1187 1279 1326 1316 collem
1358 1292 1476 1328 quem

152 1355 289 1392 capere
315 1342 470 1380 volebat
492 1341 755 1391 perveniretur
774 1356 782 1389 3
813 1343 989 1391 ultraque
1014 1355 1100 1379 eam
1122 1344 1341 1380 convallem
1363 1342 1477 1381 olive-

152 1414 234 1445 tum
251 1415 361 1445 vetus
382 1406 525 1445 crebris
541 1407 745 1445 arboribus
766 1408 1021 1445 condensum.
1066 1406 1145 1445 Hic
1166 1420 1255 1445 cum
1279 1407 1476 1447 Labienus
1498 1423 1512 1445 2

95 1491 132 1512 20
151 1472 488 1511 animadvertisset
521 1473 739 1519 Caesarem,
772 1472 802 1509 si
838 1473 952 1510 vellet
982 1485 1072 1510 eum
1105 1474 1235 1510 locum
1271 1486 1474 1523 occupare,

152 1536 256 1587 prius
278 1550 437 1576 necesse
458 1550 530 1574 esse
550 1538 768 1575 convallem
795 1536 1061 1586 olivetumque
1093 1537 1319 1587 transgredi,
1342 1552 1477 1576 eorum

152 1603 329 1640 locorum
373 1601 517 1651 peritus
554 1602 592 1639 in
628 1601 777 1640 insidiis
816 1615 906 1639 cum
948 1608 1055 1651 parte
1090 1602 1285 1651 equitatus
1325 1603 1478 1653 levique

152 1673 346 1703 armatura
384 1665 563 1704 consedit
597 1673 635 1704 et
670 1672 867 1715 praeterea
901 1673 989 1715 post
1022 1669 1223 1705 *tmontem
1254 1668 1478 1717 collesque†

155 1729 330 1783 [Caesari
347 1730 477 1769 subito
494 1744 535 1769 se
551 1729 792 1783 ostenderet]
817 1730 967 1780 equites
988 1730 1027 1768 in
1049 1733 1205 1770 occulto
1222 1733 1479 1770 collocaverat

96 1815 132 1846 25
153 1802 206 1842 ut,
229 1808 319 1833 cum
341 1795 423 1844 ipse
443 1809 490 1833 ex
513 1795 724 1845 improviso
745 1794 976 1845 legionarios
997 1796 1156 1834 adortus
1177 1803 1289 1843 esset,
1313 1811 1359 1835 ex
1379 1798 1478 1835 colle

154 1873 195 1898 se
228 1859 422 1909 equitatus
457 1861 690 1906 ostenderet,
728 1867 769 1897 ut
800 1873 839 1898 re
873 1859 1019 1909 duplici
1050 1860 1296 1909 perturbatus
1336 1862 1479 1900 Caesar

154 1923 315 1973 eiusque
340 1923 529 1962 exercitus
556 1938 685 1974 neque
713 1932 813 1962 retro
839 1923 1082 1974 regrediendi
1109 1938 1238 1974 neque
1268 1926 1366 1963 ultra
1395 1939 1478 1975 pro-

154 1988 322 2026 cedendi
342 1989 473 2027 oblata
493 1990 675 2027 facultate
691 1988 979 2027 circumventus
995 1989 1275 2028 concideretur.
1336 1991 1479 2029 Caesar
1500 2008 1516 2038 3

154 2061 363 2102 postquam
391 2053 565 2103 equitatu
594 2061 685 2092 ante
715 2054 928 2104 praemisso
955 2054 1100 2093 inscius
1130 2054 1357 2093 insidiarum
1387 2068 1477 2093 cum

203 2169 215 2188 1
235 2158 407 2197 productis
427 2158 458 2187 V
542 2170 563 2198 9
579 2169 621 2189 ne
635 2158 709 2190 add.
727 2158 904 2199 Nipperdey
995 2169 1030 2190 11
1057 2165 1264 2199 occuparent
1280 2160 1457 2201 Nipperdey
1472 2173 1478 2192 ε

156 2205 403 2240 occupaverunt
420 2200 458 2230 X
564 2203 735 2241 eriperent
752 2202 947 2242 Nipperdey:
972 2203 1171 2242 eripuerunt
1184 2202 1222 2233 X
1309 2214 1346 2233 12
1372 2206 1479 2243 gratia

155 2243 213 2275 del.
235 2244 357 2275 Davies
472 2247 509 2275 16
533 2250 604 2275 erat
630 2246 906 2284 transgredienda
926 2245 994 2276 edd.
1016 2257 1022 2276 ε
1057 2251 1152 2276 erant
1177 2248 1478 2286 transgrediendae

156 2288 440 2327 (transgrediendi
460 2288 508 2327 D)
527 2287 565 2317 X
693 2299 730 2318 21
757 2299 832 2320 esse
849 2288 922 2320 add.
946 2289 1134 2320 Cz'accom'us
1263 2301 1304 2329 23
1330 2295 1477 2322 montem

156 2331 341 2372 collesque]
359 2331 531 2371 collesque
547 2331 605 2362 del.
625 2331 780 2372 Woelfflin
797 2344 803 2362 :
827 2332 943 2363 collem
957 2332 1133 2363 Polaschek
1220 2344 1261 2372 24
1285 2334 1479 2365 ostenderet

156 2373 255 2404 DT':
288 2376 486 2406 ostenderat
510 2380 543 2405 et
568 2374 608 2404 L'
806 2376 945 2406 Caesari
969 2386 995 2407 s.
1018 2386 1045 2407 s.
1066 2377 1261 2408 ostenderet
1285 2377 1343 2408 del.
1367 2377 1480 2408 Aldus

158 2419 198 2447 26
222 2421 257 2448 ut
274 2417 329 2447 X:
354 2422 387 2448 et
404 2418 580 2449 Manutius
