1705 2729
396 104 470 140 DE
501 103 680 141 BELLo
708 75 1123 142 ALEXANDRINO
1146 75 1323 182 ξιΒΕὲ

199 220 299 250 esset
319 213 543 258 deformata,
567 212 660 250 civis
688 226 778 250 suos
805 212 973 263 primum
997 215 1047 252 ad
1074 214 1278 252 sanitatem
1306 222 1512 260 revocaret,

198 275 342 314 deinde
381 283 635 322 conservaret,
673 277 791 314 fidem
824 278 972 326 populo
1008 279 1191 316 Romano
1225 278 1377 328 sibique
1412 292 1516 327 prae-

198 347 323 385 staret,
355 353 445 377 cum
479 339 561 389 ipse
595 347 745 378 tantum
776 339 811 379 ei
840 341 1014 379 crederet
1048 349 1089 379 ut
1118 343 1167 380 ad
1198 342 1319 380 hostis
1348 350 1516 380 armatos

198 417 287 441 eum
309 403 486 449 mitteret,
511 405 645 442 dextra
664 405 839 442 dextram
860 412 998 443 tenens
1018 405 1214 444 dimittere
1234 406 1364 456 coepit
1384 407 1517 444 adulta

160 483 176 513 5
197 467 273 505 iam
303 475 428 505 aetate
457 481 632 517 puerum.
691 469 744 505 At
772 468 898 518 regius
926 469 1081 507 animus
1110 469 1327 520 disciplinis
1357 470 1517 508 fallacis-
1538 480 1555 509 3

197 530 303 568 simis
330 531 514 577 eruditus,
538 546 587 570 ne
610 546 634 570 a
657 531 784 581 gentis
811 545 903 571 suae
933 533 1107 572 moribus
1134 535 1395 584 degeneraret,
1419 536 1516 572 flens

196 608 303 633 orare
330 602 465 633 contra
492 596 699 634 Caesarem
729 596 859 646 coepit
888 611 938 635 ne
965 610 1006 635 se
1032 597 1271 636 dimitteret:
1300 612 1381 637 non
1411 598 1516 636 enim

197 658 270 697 sibi
317 672 478 708 regnum
526 659 654 709 ipsum
702 668 917 710 conspectu
956 662 1133 701 Caesaris
1171 676 1255 701 esse
1294 662 1514 701 iucundius.

198 723 441 772 Compressis
468 723 576 773 pueri
606 723 772 762 lacrimis
801 726 944 764 Caesar
970 726 1053 776 ipse
1079 734 1301 765 commotus
1330 726 1514 772 celeriter,
1537 744 1556 773 4

141 803 179 824 10
198 787 229 825 si
255 787 319 824 illa
347 786 515 833 sentiret,
539 788 619 826 fore
648 802 739 826 eum
768 802 901 827 secum
931 791 1141 828 adfirmans
1164 792 1215 829 ad
1242 804 1333 829 suos
1356 790 1514 829 dimisit.

199 852 279 896 Ille,
311 858 353 888 ut
391 864 437 888 ex
475 851 693 890 carceribus
733 852 772 890 in
810 852 976 891 liberum
1015 867 1170 892 cursum
1209 855 1384 901 emissus
1416 856 1516 893 adeo
1539 867 1555 898 5

196 922 331 953 contra
359 916 566 954 Caesarem
597 916 734 954 acriter
762 917 909 955 bellum
942 932 1073 968 gerere
1102 918 1231 969 coepit
1264 926 1306 957 ut
1340 919 1517 957 lacrimas

195 993 292 1028 quas
326 979 365 1016 in
399 979 598 1029 colloquio
636 980 849 1030 proiecerat
887 982 1030 1031 gaudio
1058 982 1252 1021 videretur
1285 983 1514 1033 profudisse.

195 1042 398 1081 Accidisse
423 1045 498 1082 hoc
524 1045 745 1094 complures
766 1045 942 1084 Caesaris
972 1046 1096 1096 legati,
1119 1046 1244 1093 amici,
1269 1047 1517 1086 centuriones
1537 1056 1557 1086 6

140 1124 176 1157 15
197 1104 416 1157 militesque
455 1110 707 1155 laetabantur,
742 1111 850 1159 quod
885 1110 1005 1148 nimia
1043 1111 1197 1149 bonitas
1236 1112 1318 1150 eius
1357 1112 1517 1150 fallaciis

196 1172 303 1222 pueri
333 1174 441 1211 elusa
469 1180 580 1211 esset.
641 1172 764 1221 Quasi
794 1187 884 1212 vero
914 1174 953 1212 id
981 1176 1124 1213 Caesar
1158 1175 1333 1214 bonitate
1366 1184 1516 1214 tantum

195 1238 389 1275 adductus
409 1251 454 1275 ac
476 1251 555 1275 non
576 1237 881 1287 prudentissimo
901 1238 1067 1277 consilio
1087 1240 1250 1278 fecisset.

249 1304 351 1341 Cum
372 1302 474 1341 duce
493 1309 696 1351 assumpto
712 1302 965 1340 Alexandrini
986 1303 1108 1342 nihilo
1125 1316 1165 1341 se
1186 1304 1373 1343 firmiores
1395 1306 1516 1343 factos
1538 1316 1588 1354 25

195 1374 261 1405 aut
289 1366 549 1416 languidiores
579 1368 782 1405 Romanos
808 1366 1160 1406 animadverterent
1187 1369 1517 1419 eludentibusque

138 1448 176 1469 20
196 1430 382 1469 militibus
403 1431 500 1481 regis
521 1437 689 1469 aetatem
709 1438 827 1480 atque
848 1430 1112 1470 infirmitatem
1133 1445 1318 1482 magnum
1340 1434 1516 1472 dolorem

194 1495 414 1545 acciperent
441 1509 570 1546 neque
601 1509 640 1533 se
668 1495 879 1545 quicquam
907 1497 1093 1546 proficere
1120 1496 1306 1544 viderent,
1330 1512 1518 1537 rumores-

195 1573 271 1610 que
298 1560 523 1599 exsisterent
550 1573 691 1609 magna
715 1559 871 1599 Caesari
900 1560 1093 1610 praesidia
1118 1561 1283 1600 terrestri
1311 1562 1446 1600 itinere
1466 1577 1517 1601 ex

195 1623 302 1673 Syria
336 1624 552 1674 Ciliciaque
591 1623 746 1670 adduci,
784 1625 891 1673 quod
930 1626 1109 1663 nondum
1147 1625 1325 1664 auditum
1360 1627 1517 1665 Caesari

195 1697 285 1735 erat,
317 1697 592 1735 commeatum,
626 1688 692 1738 qui
727 1688 822 1726 mari
854 1689 995 1727 nostris
1024 1691 1334 1739 supportabatur,
1367 1690 1518 1730 interci-

138 1770 175 1803 25
196 1767 285 1803 pere
307 1760 532 1791 statuerunt.
594 1754 733 1803 Itaque
758 1753 949 1803 expeditis
976 1753 1138 1803 navigiis
1166 1754 1261 1792 locis
1288 1754 1440 1793 idoneis
1466 1757 1516 1794 ad
1539 1774 1553 1794 2

196 1819 404 1868 Canopum
426 1818 465 1855 in
488 1818 653 1856 statione
670 1818 868 1868 dispositis
885 1818 1049 1856 navibus
1070 1817 1356 1857 insidiabantur
1375 1819 1517 1857 nostris

194 1891 496 1932 commeatuque.
558 1884 678 1931 Quod
699 1882 766 1921 ubi
788 1882 944 1921 Caesari
965 1882 1188 1920 nuntiatum
1209 1891 1276 1929 est,
1297 1883 1516 1921 universam
1538 1893 1556 1922 5

194 1949 356 1985 classem
387 1947 495 1986 iubet
525 1946 695 1997 expediri
726 1954 844 1997 atque
874 1947 1020 1984 instrui.
1082 1947 1260 1985 Praeficit
1289 1947 1381 1985 huic
1401 1947 1517 1985 Tibe-

195 2010 293 2048 rium
315 2013 525 2049 Neronem.
586 2010 889 2049 Proficiscuntur
909 2010 949 2048 in
976 2024 1022 2049 ea
1048 2012 1170 2049 classe
1192 2011 1374 2050 Rhodiae
1398 2025 1516 2050 naves

137 2092 175 2122 30
194 2082 310 2124 atque
334 2075 373 2112 in
400 2075 460 2113 his
482 2077 724 2125 Euphranor,
748 2075 831 2113 sine
858 2088 937 2124 quo
966 2076 1073 2113 nulla
1099 2089 1287 2125 umquam
1315 2075 1516 2114 dimicatio

196 2139 395 2185 maritima,
428 2141 534 2177 nulla
567 2139 684 2178 etiam
722 2152 859 2189 parum
897 2138 1059 2177 feliciter
1097 2141 1277 2177 confecta
1314 2147 1404 2178 erat.
1463 2142 1556 2179 At4

194 2204 357 2250 fortuna,
390 2217 490 2253 quae
520 2205 751 2254 plerumque
784 2216 852 2242 eos
886 2216 985 2253 quos
1018 2203 1194 2253 plurimis
1229 2203 1431 2242 beneficiis
1460 2218 1517 2243 or-

240 2317 279 2336 22
306 2307 441 2337 Caesari
466 2307 528 2337 L2:
561 2308 688 2338 Caesar
711 2306 748 2337 X
864 2317 907 2337 ex
936 2307 1011 2339 add.
1043 2307 1232 2347 Steplzaaszus
1385 2319 1424 2346 27
1450 2319 1516 2347 que

197 2349 270 2381 add.
291 2350 465 2390 Nipperdey
552 2352 743 2381 universam
760 2350 931 2381 Flm'sclzer:
958 2361 1059 2381 unam
1076 2353 1117 2385 fi:
1144 2361 1222 2382 nam
1242 2351 1295 2382 D:
1321 2362 1387 2383 om.
1405 2351 1438 2381 E
