1705 2729
430 169 503 204 DE
537 168 716 205 BELLO
748 169 957 206 AFRICO
990 170 1159 205 LIBER

133 286 238 317 certo
267 277 399 315 animo
430 277 559 315 venire
591 276 689 329 [qui]
721 278 758 314 in
790 291 836 315 eo
866 279 964 324 loco,
988 291 1066 327 quo
1094 280 1210 328 paulo
1237 288 1326 317 ante
1353 293 1455 317 com-

133 342 356 394 memoravi,
378 349 468 380 ante
489 342 679 391 oppidum
701 342 1119 392 constitit—suamque
1139 343 1263 381 aciem
1286 344 1454 382 mediam

132 420 180 446 eo
201 406 349 457 oppido
370 406 486 453 texit,¹
515 407 694 444 dextrum
719 406 995 456 sinistrumque
1016 420 1148 454 cornu,
1171 407 1238 445 ubi
1259 408 1455 458 elephanti

132 480 250 518 erant,
274 471 313 509 in
334 478 547 520 conspeetu
569 471 715 521 patenti
735 471 1043 509 adversariorum
1063 471 1274 510 constituit.

94 553 111 583 5
188 538 291 576 Cum
330 535 406 573 iam
448 548 570 584 prope
611 535 703 573 solis
745 549 930 573 occasum
973 537 1117 574 Caesar
1155 536 1455 585 exspectavisset
1474 544 1527 581 42

133 616 262 652 neque
306 615 352 640 ex
396 614 443 639 eo
484 603 572 639 loco
613 614 692 650 quo
733 601 958 639 constiterat
1007 601 1232 651 Scipionem
1275 603 1456 652 progredi

133 666 292 718 propius
323 679 364 704 se
392 664 729 704 animadvertisset
759 667 927 715 locoque
957 680 998 704 se
1028 666 1149 716 magis
1180 668 1402 714 defendere,
1426 668 1457 705 si

132 745 191 770 res
223 730 424 780 coegisset,
449 743 566 779 quam
595 729 634 767 in
660 743 801 780 campo
822 730 1044 769 comminus
1066 731 1278 769 consistere
1299 733 1453 778 audere,

134 809 212 834 non
245 803 302 833 est
328 794 408 832 visa
438 793 534 832 ratio
564 794 723 844 propius
753 795 969 833 accedendi
1000 809 1047 833 eo
1078 795 1142 833 die
1170 797 1220 834 ad
1251 797 1454 846 oppidum,

76 874 114 896 10
135 859 321 910 quoniam
353 857 406 896 ibi
445 858 681 907 praesidium
720 860 866 908 grande
907 860 1166 897 Numidarum
1203 874 1287 899 esse
1317 874 1458 911 cogno-

133 934 247 971 verat,
271 924 473 973 hostisque
501 924 671 963 mediam
696 925 820 963 aciem
852 939 960 963 suam
986 926 1134 975 oppido
1161 927 1301 965 texisse
1322 936 1359 965 et
1384 927 1457 966 sibi

132 990 289 1028 difficile
311 991 416 1029 factu
436 1003 520 1027 esse
541 989 728 1028 intellexit
756 990 870 1028 simul
901 999 938 1029 et
969 991 1159 1040 oppidum
1181 1005 1260 1030 uno
1281 1000 1457 1042 tempore

132 1067 358 1104 oppugnare
380 1062 417 1092 et
437 1052 477 1091 in
497 1054 580 1092 acie
602 1054 640 1091 in
662 1068 783 1092 cornu
805 1056 941 1093 dextro
961 1069 1006 1093 ac
1023 1055 1177 1094 sinistro
1199 1070 1243 1094 ex
1264 1056 1457 1106 iniquiore

131 1120 220 1157 loco
254 1131 438 1168 pugnare,
473 1118 698 1168 praesertim
737 1133 826 1157 cum
863 1119 1003 1157 milites
1033 1133 1055 1157 a
1085 1133 1199 1158 mane
1229 1120 1307 1159 diei
1337 1120 1456 1159 ieiuni

75 1197 110 1228 15
134 1183 207 1221 sub
232 1182 348 1221 armis
376 1182 573 1220 stetissent
603 1183 811 1233 defatigati.
874 1185 1012 1233 Itaque
1043 1184 1212 1222 reductis
1234 1184 1311 1223 suis
1334 1185 1455 1235 copiis
1478 1202 1492 1223 2

131 1248 170 1286 in
184 1256 308 1286 castra
321 1255 478 1297 postero
492 1247 555 1286 die
572 1248 730 1298 propius
745 1262 879 1287 eorum
896 1248 1021 1287 aciem
1037 1249 1200 1287 instituit
1215 1250 1456 1300 exporrigere

131 1313 379 1352 munitiones.

185 1378 347 1417 Interim
387 1377 610 1424 Considius,
652 1378 718 1428 qui
753 1380 931 1428 Acyllam
971 1382 1033 1418 †et
1072 1391 1144 1416 V111
1186 1380 1356 1419 cohortis
1396 1380 1458 1418 sti·
1475 1382 1527 1419 43

129 1442 374 1493 pendiarias†
397 1442 581 1481 Numidis
604 1442 859 1492 Gaetulisque
886 1443 1105 1490 obsidebat,
1129 1445 1194 1482 ubi
1217 1446 1260 1483 C.
1287 1444 1455 1483 Messius

72 1521 110 1542 20
130 1508 245 1558 †qui†
282 1507 510 1546 cohortibus
550 1515 733 1556 praeerat,
766 1507 833 1545 diu
874 1509 1120 1557 multumque
1160 1516 1339 1558 expertus
1379 1522 1456 1546 ma-

129 1573 294 1623 gnisque
316 1572 499 1622 operibus
522 1585 637 1621 saepe
657 1572 825 1610 admotis
847 1580 884 1610 et
906 1572 965 1610 his
985 1574 1034 1611 ab
1056 1573 1264 1623 oppidanis
1286 1574 1455 1612 incensis

129 1651 218 1675 cum
240 1638 444 1687 proficeret
466 1636 573 1683 nihil,
598 1636 727 1674 subito
748 1636 887 1675 nuntio
908 1638 958 1675 de
979 1637 1147 1686 equestri
1168 1638 1317 1687 proelio
1337 1640 1455 1677 allato

128 1709 362 1747 commotus,
401 1703 596 1739 frumento
628 1700 737 1738 cuius
767 1700 805 1738 in
836 1701 969 1739 castris
999 1702 1153 1751 copiam
1184 1704 1372 1741 habuerat
1401 1703 1455 1740 in-

128 1780 257 1814 censo,
291 1767 393 1813 vino,
426 1769 515 1805 oleo
551 1766 768 1816 ceterisque
795 1766 910 1803 rebus
941 1780 1041 1815 quae
1072 1768 1122 1805 ad
1154 1767 1299 1805 victum
1331 1767 1454 1816 parari

70 1843 107 1874 25
128 1833 254 1870 solent
285 1832 487 1883 corruptis,
512 1834 702 1881 Acyllam,
736 1845 853 1880 quam
886 1831 1103 1877 obsidebat,
1137 1832 1307 1870 deseruit
1336 1840 1455 1882 atque

127 1891 263 1935 itinere
283 1911 351 1948 per
372 1912 533 1948 regnum
557 1898 680 1935 Iubae
702 1898 804 1934 facto
826 1895 959 1944 copias
980 1909 1070 1933 cum
1093 1895 1276 1945 Scipione
1293 1896 1454 1946 partitus

129 1962 421 2000 Hadrumetum
444 1976 484 2000 se
506 1962 660 2012 recepit.

183 2027 337 2064 Interea
367 2040 413 2064 ex
443 2028 618 2064 secundo
649 2034 884 2073 commeatu,
919 2039 1037 2075 quem
1073 2039 1094 2063 a
1129 2024 1260 2063 Sicilia
1299 2025 1453 2063 miserat
1472 2035 1525 2072 44

127 2090 300 2137 Alienus,
325 2091 432 2129 navis
454 2104 541 2137 una,
566 2090 604 2128 in
626 2104 703 2140 qua
723 2092 846 2129 fuerat
874 2092 921 2140 Q.
947 2089 1153 2129 Cominius
1175 2098 1212 2127 et
1235 2091 1276 2127 L.
1300 2089 1450 2135 Ticida,

174 2204 186 2224 1
212 2194 269 2232 qui
286 2192 377 2224 L¹U'
394 2206 400 2225 :
424 2193 483 2226 del.
496 2193 563 2224 L²t
582 2204 646 2224 om.
661 2193 746 2223 DT‘
828 2205 847 2232 4
867 2194 993 2233 patenti
1008 2198 1035 2224 Δ
1050 2205 1056 2224 :
1075 2193 1268 2232 patientMal
1281 2194 1323 2226 B:
1342 2202 1406 2223 om.
1420 2192 1454 2222 D

130 2247 165 2267 11
193 2237 317 2267 texisse
336 2241 369 2267 et
386 2236 562 2277 Nipperdey
578 2249 584 2267 :
610 2237 774 2267 texissent
792 2235 829 2266 X
933 2247 983 2276 13⁴
996 2247 1193 2275 expugnare
1212 2235 1294 2265 L¹V
1415 2236 1453 2265 18

125 2280 279 2319 Acyllam
298 2279 354 2310 D:
386 2280 564 2320 Achyllam
586 2280 637 2311 U:
673 2280 839 2311 Achillam
865 2279 968 2311 LFT‘
1075 2284 1151 2320 post
1165 2279 1320 2320 Acyllam
1343 2279 1450 2309 laam.

127 2327 219 2354 notat
232 2323 408 2363 Nipperdey
530 2325 567 2355 18
591 2324 782 2354 cohortibus
801 2324 1032 2363 stipendiariis
1050 2323 1119 2353 edd.
1139 2323 1226 2354 codd.
1248 2333 1316 2353 rece.
1337 2322 1453 2352 secuti:

125 2376 189 2397 v111
207 2367 403 2397 cohortibus
420 2371 453 2397 et
471 2366 617 2397 Facilzliclz
759 2378 801 2397 20
825 2368 880 2406 qui
900 2367 1026 2397 DU'T‘
1043 2379 1049 2397 1
1082 2377 1145 2397 om.
1168 2365 1196 2395 L
1214 2378 1220 2397 ι
1255 2377 1328 2396 curn
1346 2365 1453 2395 tribus

129 2410 193 2443 (Le.
214 2411 233 2440 Ε
251 2411 308 2449 111)
327 2409 465 2440 Kuebler
595 2420 635 2448 27
662 2410 777 2449 recipit
795 2409 893 2440 DFT

1308 2478 1365 2506 15*
