1705 2729
411 169 483 205 DE
516 168 694 205 BELLO
725 168 934 205 AFRICO
965 168 1135 204 LIBER

113 278 290 318 subiecto
311 286 393 316 turn
414 279 574 316 demum
602 290 643 316 se
669 277 751 327 ipse
777 276 934 326 insuper
957 276 1189 314 interficeret
1213 284 1331 326 atque
1358 290 1435 314 una

113 357 203 381 curn
224 341 364 388 liberis,
387 341 628 391 coniugibus,
652 340 801 378 civibus
822 347 1043 389 cunctaque
1062 353 1154 389 gaza
1174 340 1277 390 regia
1293 353 1436 378 crema-

113 414 225 445 retur.
285 407 497 454 Postquam
529 405 629 443 Iuba
656 412 747 442 ante
775 411 905 454 portas
935 404 1003 442 diu
1032 405 1280 453 multumque
1310 404 1436 453 primo
1459 416 1476 446 3

113 469 228 508 minis
262 482 332 519 pro
362 468 525 518 imperio
556 468 696 518 egisset
726 481 816 505 cum
848 467 1115 515 Zamensibus,
1146 467 1239 506 dein
1273 481 1363 505 cum
1396 481 1437 505 se

76 551 94 581 5
113 547 249 585 parum
276 535 463 583 proficere
487 532 736 571 intellexisset
759 532 940 582 precibus
960 540 1107 570 orasset
1133 532 1189 570 uti
1214 546 1254 570 se
1274 533 1325 570 ad
1347 545 1438 570 suos

113 599 210 636 deos
248 605 409 647 penates
447 597 708 643 admitterent,
745 596 812 634 ubi
851 609 918 634 eos
957 604 1127 645 perstare
1164 596 1205 633 in
1245 596 1438 635 sententia

113 661 387 699 animadvertit
407 674 479 699 nec
500 660 614 698 minis
636 673 708 698 nec
729 659 909 710 precibus
933 659 1011 697 suis
1038 659 1185 697 moveri
1213 673 1292 709 quo
1316 660 1438 709 magis

115 739 156 764 se
185 725 410 775 reciperent,
434 724 547 763 tertio
568 724 663 774 petit
686 725 736 762 ab
761 724 815 762 eis
842 731 884 762 ut
909 723 982 761 sibi
1006 723 1192 772 coniuges
1216 723 1439 773 liberosque

115 791 323 828 redderent
354 796 396 827 ut
427 802 559 827 seeum
592 801 659 826 eos
690 795 913 838 asportaret.
986 789 1199 837 Postquam
1235 787 1309 825 sibi
1343 787 1439 824 nihil
1459 801 1479 830 4

58 869 97 891 10
116 853 279 891 omnino
308 852 526 902 oppidanos
556 851 732 902 responsi
762 853 925 890 reddere
953 851 1237 897 animadvertit,
1266 853 1372 889 nulla
1401 865 1440 889 re

115 919 165 956 ab
194 917 254 955 his
283 916 487 967 impetrata
511 916 563 954 ab
591 918 711 954 Zama
739 915 907 954 discedit
932 923 1051 965 atque
1081 917 1132 953 ad
1163 915 1294 953 villam
1330 929 1439 954 suam

117 995 158 1020 se
177 994 268 1019 cum
290 982 344 1018 M.
370 980 522 1018 Petreio
541 980 753 1030 paucisque
774 980 970 1029 equitibus
990 981 1151 1018 confert.

171 1047 379 1083 Zamenses
422 1044 575 1082 interim
619 1045 765 1094 legatos
804 1045 854 1082 de
896 1044 956 1082 his
994 1045 1110 1082 rebus
1147 1046 1198 1082 ad
1232 1046 1439 1083 Caesarem
1460 1053 1514 1093 92

118 1109 277 1149 Uticam
302 1109 460 1146 mittunt
487 1116 703 1158 petuntque
729 1108 779 1146 ab
806 1122 854 1146 eo
881 1108 936 1145 uti
962 1116 1173 1157 antequam
1195 1122 1260 1146 rex
1280 1122 1440 1146 manum

62 1186 97 1218 15
118 1174 316 1223 colligeret
354 1186 517 1222 seseque
551 1180 794 1222 oppugnaret
828 1172 901 1210 sibi
939 1173 1125 1210 auxilium
1164 1173 1359 1211 mitteret:
1401 1186 1442 1210 se

118 1245 249 1276 tamen
280 1244 434 1287 paratos
466 1249 561 1283 esse,
596 1236 669 1275 sibi
702 1238 833 1286 quoad
868 1237 945 1274 vita
978 1244 1213 1286 suppeteret,
1250 1237 1442 1287 oppidum

118 1314 239 1351 seque
277 1300 312 1339 ei
350 1314 551 1339 reservare.
613 1301 779 1350 Legatos
817 1301 1061 1339 collaudatos
1095 1302 1240 1339 Caesar
1277 1302 1442 1339 domum
1464 1312 1479 1333 2

118 1364 226 1403 iubet
263 1365 495 1403 antecedere
529 1377 575 1402 ac
609 1377 723 1402 suum
762 1365 974 1402 adventum
1009 1365 1290 1414 praenuntiare.
1353 1366 1443 1414 Ipse

119 1438 275 1480 postero
297 1429 359 1467 die
381 1428 499 1468 Utica
525 1442 699 1479 egressus
726 1442 816 1467 cum
842 1428 1016 1478 equitatu
1037 1428 1076 1466 in
1098 1443 1258 1478 regnum
1281 1429 1334 1467 ire
1355 1443 1444 1467 con-

62 1509 101 1531 20
119 1493 254 1532 tendit.
313 1493 475 1532 Interim
500 1493 539 1530 in
564 1493 700 1531 itinere
728 1507 773 1531 ex
797 1493 910 1543 regiis
936 1492 1059 1543 copiis
1080 1494 1200 1531 duces
1223 1495 1443 1543 complures
1465 1506 1482 1535 3

119 1559 169 1596 ad
202 1559 409 1597 Caesarem
441 1557 602 1595 veniunt
636 1565 826 1607 orantque
859 1565 901 1595 ut
934 1557 1007 1595 sibi
1042 1558 1226 1607 ignoscat.
1289 1558 1482 1606 Quibus4

120 1622 360 1672 supplicibus
390 1622 503 1660 venia
531 1623 622 1660 data
650 1623 810 1659 Zamam
841 1622 1027 1671 pervenit.
1086 1624 1261 1660 Rumore
1291 1622 1444 1660 interim

120 1688 267 1737 perlato
299 1687 349 1725 de
378 1686 460 1725 eius
485 1686 643 1724 lenitate
672 1686 958 1736 clementiaque
987 1688 1275 1736 propemodum
1308 1700 1445 1724 omnes

121 1751 226 1801 regni
265 1751 415 1800 equites
449 1753 608 1789 Zamam
644 1750 874 1801 perveniunt
907 1752 957 1789 ad
992 1752 1200 1789 Caesarem
1235 1752 1284 1789 ab
1319 1764 1446 1801 eoque

65 1826 101 1858 25
122 1822 211 1853 sunt
240 1822 346 1853 metu
377 1815 629 1864 periculoque
659 1814 819 1853 liberati.

177 1882 283 1917 Dum
314 1880 410 1917 baec
442 1879 649 1928 utrobique
678 1887 871 1929 geruntur,
897 1879 1119 1926 Considius,
1147 1880 1213 1929 qui
1244 1881 1447 1929 Thysdrae
1467 1887 1520 1925 93

123 1957 212 1981 cum
251 1943 396 1981 familia
435 1957 513 1990 sua,
547 1943 774 1993 gladiatoria
813 1957 931 1981 manu
967 1944 1222 1994 Gaetulisque
1259 1953 1445 1994 praeerat,

123 2007 279 2057 cognita
298 2008 418 2045 caede
445 2020 603 2046 suorum
627 2007 856 2057 Domitique
884 2016 921 2046 et
950 2007 1146 2058 legionum
1172 2009 1343 2046 adventu
1367 2022 1448 2058 per-

123 2071 275 2109 territus
305 2072 508 2121 desperata
538 2073 661 2109 salute
690 2071 879 2121 oppidum
911 2071 1053 2109 deserit
1083 2085 1203 2121 seque
1230 2074 1330 2110 clam
1358 2085 1447 2110 curn

67 2149 105 2179 30
124 2135 257 2186 paucis
284 2135 455 2173 barbaris
480 2136 647 2185 pecunia
672 2144 834 2174 onustus
864 2136 1048 2174 subducit
1077 2145 1195 2185 atque
1220 2136 1258 2173 in
1286 2150 1448 2186 regnum

124 2201 254 2249 fugere
293 2200 505 2238 contendit.
567 2202 697 2248 Quem
735 2200 900 2247 Gaetuli,
936 2201 993 2238 sui
1029 2201 1202 2245 comites,
1240 2201 1278 2238 in
1314 2201 1449 2239 itinere
1472 2217 1485 2236 2

169 2304 189 2332 6
214 2303 345 2342 penatis
366 2303 471 2333 UTV¹
565 2313 603 2333 10
628 2305 782 2343 responsi
800 2304 865 2334 cod.
885 2304 1016 2344 Neapol.
1037 2316 1043 2335 ε
1069 2315 1268 2344 responsum
1286 2304 1319 2334 Χ
1413 2316 1450 2336 12

126 2356 163 2376 se
175 2349 249 2386 post
264 2356 356 2376 suam
374 2345 467 2376 habel
485 2345 520 2384 V,
540 2351 614 2376 ante
631 2347 762 2377 confert
779 2346 849 2378 A2‘o'.
865 2351 939 2386 post
955 2347 1084 2377 confert
1104 2348 1145 2379 D.
1161 2359 1225 2379 om.
1241 2348 1317 2377 L‘T
1411 2359 1451 2378 ‘22

127 2389 283 2427 pervenit
297 2389 400 2426 Jurt‘n
419 2400 425 2418 :
449 2390 651 2428 perveniunt
667 2388 704 2418 X
835 2400 874 2428 23
900 2390 1049 2428 praelato
1070 2390 1099 2419 Γ

171 2452 264 2473 οΑι-ῑε.
283 2452 362 2473 AFR.
1325 2445 1362 2475 17
