1705 2729
507 110 580 145 DE
612 108 792 145 BELLO
823 107 1000 145 CIVILI
1033 106 1135 143 LIB.
1171 106 1187 142 I

182 219 353 268 colloqui
370 226 555 256 venerant
576 231 729 255 summa
749 216 948 266 diligentia
964 215 1143 265 conquiri
1164 223 1202 253 et
1222 215 1364 253 remitti
1386 215 1503 253 iubet.

182 286 259 323 Sed
291 298 338 322 ex
368 297 532 321 numero
565 283 809 320 tribunorum
844 281 1012 319 militum
1042 280 1397 330 centurionumque
1427 294 1506 319 non
1531 291 1543 310 -’

183 348 278 387 nulli
322 362 392 387 sua
432 350 632 386 voluntate
663 348 770 396 apud
804 360 893 384 eum
932 353 1212 384 remanserunt.
1291 347 1403 394 Quos
1444 346 1508 384 ille

182 420 319 463 postea
359 425 502 461 magno
543 411 582 449 in
622 412 772 449 honore
806 410 967 457 habuit3
1014 410 1262 448 centuriones
1293 410 1331 447 in
1362 410 1507 459 priores

144 493 161 523 5
182 476 350 523 ordines,
374 476 524 526 equites
547 477 751 513 Romanos
772 474 811 512 in
833 473 1085 512 tribunicium
1106 473 1273 512 restituit
1303 475 1504 512 honorem.

237 541 519 579 Premebantur
558 539 759 578 Afraniani
799 539 1064 588 pabulatione,
1097 539 1344 588 aquabantur
1382 553 1504 589 aegre.
1528 536 1578 584 78

184 604 385 643 Frumenti
417 604 571 654 copiam
611 603 811 653 legionarii
850 616 930 641 non
970 604 1117 640 nullam
1157 603 1370 650 habebant)
1400 605 1508 652 quod

183 669 334 707 dierum
356 681 446 705 XXII
468 669 518 706 ab
541 669 670 706 Ilerda
691 669 929 705 frumentum
947 666 1040 705 iussi
1061 674 1169 704 erant
1186 667 1331 713 efferre,
1350 667 1507 705 caetrati

183 733 466 782 auxiliaresque
493 734 652 779 nullam,
676 745 843 782 quorum
874 739 982 770 erant
1012 739 1050 769 et
1079 732 1282 769 facultates
1303 732 1353 769 ad
1374 745 1508 780 paran-

127 814 164 835 10
183 799 278 836 dum
299 796 459 847 exiguae
479 804 517 835 et
537 810 701 845 corpora
724 796 876 834 insueta
895 797 945 834 ad
966 808 1085 834 onera
1105 796 1307 844 portanda.
1370 797 1508 845 Itaque
1531 811 1544 831 2

184 875 347 911 magnus
379 875 514 900 eorum
547 860 692 900 cotidie
717 873 901 898 numerus
932 861 983 898 ad
1016 861 1225 899 Caesarem
1252 859 1505 909 perfugiebat.

185 928 231 964 In
253 926 312 964 his
334 934 413 964 erat
432 925 620 975 angustiis
641 939 710 963 res.
770 926 848 963 Sed
869 938 914 963 ex
935 923 1143 974 propositis
1164 923 1336 962 consiliis
1352 925 1508 963 duobus

183 990 400 1040 explicitius
448 991 653 1029 videbatur
702 990 871 1028 Ilerdam
917 989 1066 1035 reverti,
1107 990 1216 1038 quod
1256 988 1310 1026 ibi
1348 991 1508 1039 paulum

184 1055 366 1093 frumenti
397 1055 640 1104 reliquerant.
718 1053 778 1091 Ibi
813 1067 854 1091 se
886 1053 1078 1102 reliquum
1104 1052 1311 1091 consilium
1347 1053 1510 1102 explica-

127 1137 163 1170 15
184 1128 290 1158 turos
329 1120 593 1158 confidebant.
672 1120 841 1156 Tarraco
872 1118 1006 1155 aberat
1045 1117 1225 1166 longius3
1272 1131 1351 1167 quo
1383 1117 1509 1167 spatio
1529 1129 1545 1159 3

184 1184 302 1234 pluris
319 1198 399 1222 rem
420 1197 536 1233 posse
557 1196 669 1221 casus
690 1182 860 1232 recipere
881 1182 1169 1230 intellegebant.
1231 1183 1323 1219 Hoc
1344 1182 1509 1231 probato

183 1249 347 1287 consilio
364 1263 410 1287 ex
426 1248 559 1286 castris
576 1247 883 1298 proficiscuntur.
944 1247 1088 1285 Caesar
1103 1245 1278 1295 equitatu
1295 1245 1508 1296 praemisso
1528 1262 1547 1290 4

184 1313 250 1363 qui
281 1313 538 1352 novissimum
565 1325 706 1361 agmen
737 1319 909 1360 carperet
933 1318 1051 1359 atque
1080 1310 1287 1360 impediret
1311 1310 1393 1361 ipse
1418 1325 1508 1350 cum

184 1377 403 1428 legionibus
431 1376 690 1426 subsequitur.
752 1377 914 1413 Nullum
942 1375 1210 1413 intercedebat
1237 1382 1392 1425 tempus
1414 1375 1508 1426 quin

126 1459 164 1480 20
184 1442 343 1480 extremi
364 1455 454 1480 cum
475 1441 672 1491 equitibus
694 1439 983 1491 proeliarentur.

238 1508 372 1545 Genus
394 1514 473 1544 erat
494 1507 570 1543 hoc
591 1518 754 1555 pugnae.
815 1503 1030 1553 Expeditae
1051 1505 1231 1541 cohortes
1252 1503 1507 1542 novissimum
1527 1514 1582 1553 79

182 1584 322 1621 agmen
343 1572 579 1609 claudebant
603 1571 810 1620 pluresque
836 1569 876 1606 in
903 1568 997 1607 locis
1024 1568 1307 1618 campestribus
1328 1568 1510 1607 subsiste-

182 1636 287 1674 bant.
348 1635 387 1674 Si
421 1649 534 1674 mons
569 1642 648 1673 erat
681 1635 964 1680 ascendendus,
1002 1633 1114 1671 facile
1147 1633 1230 1683 ipsa
1264 1633 1339 1671 loci
1373 1641 1510 1672 natura
1531 1648 1545 1668 2

183 1700 398 1750 periculum
427 1699 648 1750 repellebat,
681 1699 790 1748 quod
816 1712 862 1736 ex
891 1697 985 1735 locis
1015 1697 1279 1747 superioribus
1309 1697 1375 1746 qui
1405 1706 1511 1737 ante-

126 1781 164 1813 25
183 1773 378 1803 cesserant
416 1778 508 1803 suos
545 1762 794 1803 ascendentis
839 1763 1122 1813 protegebant3
1169 1776 1259 1800 cum
1297 1762 1405 1800 vallis
1443 1770 1548 1802 aut3

183 1830 292 1867 locus
312 1828 472 1868 declivis
493 1829 648 1867 suberat
668 1841 797 1877 neque
817 1827 851 1865 ei
873 1827 939 1876 qui
959 1834 1247 1865 antecesserant
1268 1826 1509 1866 morantibus

184 1907 300 1944 opem
339 1895 435 1932 ferre
473 1901 662 1943 poterant,
703 1891 853 1942 equites
891 1905 982 1930 vero
1024 1905 1071 1929 ex
1108 1893 1196 1929 loco
1235 1891 1432 1941 superiore
1470 1891 1509 1929 in

182 1971 337 1997 aversos
371 1959 447 1997 tela
480 1957 710 2003 coiciebant,
745 1964 828 1995 tum
864 1968 1006 2005 magno
1037 1962 1117 1993 erat
1154 1954 1194 1992 in
1233 1955 1406 2005 periculo
1436 1968 1506 1993 res.

186 2023 496 2073 Relinquebatur
524 2029 576 2068 ut,
609 2035 699 2060 cum
733 2020 927 2059 eiusmodi
962 2020 1056 2058 locis
1090 2026 1191 2058 esset
1224 2019 1548 2069 appropinqua-4

229 2138 247 2165 4
274 2128 306 2157 in
332 2127 460 2166 priores
485 2126 621 2156 ordines
648 2125 852 2156 Cz'accom'us:
885 2124 1056 2163 amplioris
1081 2123 1210 2153 ordinis
1235 2123 1297 2153 D':
1330 2122 1509 2161 ampliores

185 2171 323 2201 ordines
341 2173 362 2204 β
520 2180 536 2206 7
563 2179 629 2199 non
647 2169 771 2199 nullam
796 2168 980 2207 thplzius:
1012 2177 1079 2197 non
1104 2167 1184 2196 nulli
1204 2165 1242 2194 X
1390 2166 1410 2194 8
1435 2175 1508 2194 xxn

187 2214 273 2245 codd.
292 2225 298 2244 ε
323 2223 385 2243 vm
403 2223 465 2243 von
485 2213 580 2243 Go'ler
717 2223 737 2250 9
761 2212 945 2251 parandum
965 2221 999 2240 r:
1025 2210 1203 2250 prandium
1221 2208 1259 2238 X
1372 2218 1412 2238 22
1438 2209 1509 2247 plu-

187 2257 300 2296 risque
326 2257 423 2296 pauci
442 2281 448 2288 .
469 2281 476 2287 .
495 2281 502 2287 .
519 2256 730 2287 sustinebant
761 2255 887 2284 Kiiblcr
1024 2254 1065 2283 28
1088 2263 1228 2283 aversos
1260 2251 1371 2281 Aldus
1395 2256 1507 2291 nepos:

186 2301 347 2330 adversos
379 2299 416 2329 X
544 2310 585 2336 20
612 2299 880 2337 Relinquebatur
913 2297 1091 2327 Cellarius:
1126 2296 1173 2326 rei
1200 2295 1432 2334 inquirebatur
1459 2297 1509 2334 (ut

188 2353 211 2374 r.
232 2343 252 2374 i.
271 2343 327 2382 D‘)
347 2342 384 2372 Χ
