1705 2729
605 159 839 198 INCERTI
871 159 1151 198 AVCTORIS

210 269 366 308 dentiae
396 269 566 320 recipere
590 270 836 320 coarguisset,
866 271 974 320 quod
1001 272 1122 309 homo
1148 259 1278 310 tantae
1307 273 1537 323 prudentiae

210 347 255 372 ac
276 334 500 384 diligentiae
521 334 617 373 scire
633 334 823 385 potuisset
854 335 940 385 quis
962 336 1098 374 urbem
1122 335 1355 386 Italiamque
1375 345 1534 385 teneret,

211 399 278 437 ubi
299 407 456 438 senatus
473 400 721 450 populusque
743 402 958 447 Romanus,
979 400 1046 438 ubi
1067 413 1126 438 res
1142 400 1300 450 publica
1320 409 1430 449 esset,
1451 402 1538 452 quis

211 463 383 513 denique
422 471 511 514 post
550 466 593 503 L.
628 466 852 512 Lentulum,
895 466 937 505 C.
977 466 1210 502 Marcellum
1248 467 1385 504 consul
1423 474 1535 514 esset,

212 535 343 566 tamen
374 541 415 566 se
444 529 662 567 concedere
688 528 728 567 id
755 529 901 567 factum
929 528 1193 578 superioribus
1218 528 1296 567 suis
1323 530 1535 577 beneficiis,
1558 539 1576 571 5

210 592 330 631 veteri
357 592 529 643 hospitio
554 600 672 643 atque
698 592 903 640 amicitiae,
927 592 1106 643 dignitati
1129 593 1325 643 aetatique
1354 595 1535 643 hominis,

211 657 392 707 precibus
416 671 551 697 eorum
578 656 645 707 qui
669 659 891 708 frequentes
916 657 1202 697 concurrissent
1227 658 1401 708 hospites
1421 667 1539 710 atque

210 721 327 760 amici
368 722 542 761 Deiotari
580 723 631 761 ad
669 723 973 773 deprecandum,
1016 724 1066 761 de
1100 723 1372 762 controversiis
1410 731 1539 762 tetrar-

211 787 373 824 charum
407 794 544 837 postea
577 799 618 825 se
648 786 895 836 cogniturum
927 800 1011 825 esse
1041 786 1147 833 dixit,
1179 786 1327 836 regium
1356 787 1538 826 vestitum

175 869 189 889 2
212 851 247 889 ei
269 851 443 890 restituit.
504 850 719 901 Legionem
745 859 876 890 autem
904 865 990 890 earn
1018 864 1136 901 quam
1163 864 1210 889 ex
1234 865 1375 902 genere
1395 852 1539 890 civium
1561 862 1599 885 10

213 929 373 954 suorum
396 915 604 954 Deiotarus
624 923 817 954 armatura
838 915 1124 966 disciplinaque
1139 924 1271 955 nostra
1286 916 1539 955 constitutam

213 981 384 1018 habebat
411 980 709 1031 equitatumque
733 994 893 1019 omnem
922 981 972 1019 ab
999 981 1148 1020 bellum
1178 982 1393 1031 gerendum
1419 982 1541 1021 addu-

212 1058 299 1084 cere
319 1044 439 1083 iussit.

134 1106 192 1153 69
268 1110 370 1149 Cum
391 1109 431 1147 in
452 1111 623 1148 Pontum
639 1110 808 1148 venisset
828 1109 1041 1160 copiasque
1061 1109 1189 1148 omnis
1209 1109 1249 1149 in
1269 1124 1392 1149 unum
1408 1111 1539 1150 locum

213 1174 414 1225 coegisset,
438 1187 538 1225 quae
558 1188 722 1213 numero
748 1182 866 1225 atque
887 1174 1162 1214 exercitatione
1182 1175 1373 1214 bellorum
1395 1175 1540 1214 medio·
1561 1184 1600 1217 Ι5

214 1253 297 1278 cres
347 1246 675 1289 erant—excepta
726 1239 832 1278 enirn
880 1239 1033 1289 legione
1081 1246 1198 1286 sexta,
1239 1253 1358 1289 quam
1406 1253 1540 1278 secum

212 1305 427 1342 abduxerat
451 1304 697 1343 Alexandrea
723 1310 946 1342 veteranam
976 1303 1107 1341 multis
1128 1303 1327 1342 laboribus
1347 1303 1541 1354 periculis-

215 1382 292 1419 que
313 1370 487 1407 functam
509 1367 720 1418 multisque
740 1367 929 1407 militibus
949 1367 1089 1418 partim
1110 1367 1338 1406 difficultate
1358 1367 1540 1406 itinerum

213 1447 258 1472 ac
275 1432 566 1483 navigationum
583 1432 722 1483 partim
739 1432 943 1471 crebritate
959 1433 1151 1471 bellorum
1166 1433 1267 1471 adeo
1283 1432 1538 1479 deminutam,

214 1506 256 1536 ut
286 1498 415 1536 minus
445 1497 550 1536 mille
580 1496 806 1535 hominibus
836 1496 876 1535 in
910 1510 955 1535 ea
984 1504 1096 1544 esset,
1128 1497 1299 1547 reliquae
1328 1505 1436 1536 erant
1466 1504 1541 1536 tres
1562 1509 1600 1533 20

214 1562 398 1613 legiones,
427 1575 504 1600 una
533 1561 718 1608 Deiotari,
747 1563 848 1600 duae
875 1575 975 1612 quae
1005 1562 1044 1599 in
1074 1575 1122 1600 eo
1151 1561 1299 1612 proelio
1328 1563 1437 1612 quod
1467 1562 1539 1601 Cn.

178 1644 193 1665 2
217 1627 437 1666 Domitium
458 1626 594 1664 fecisse
615 1639 705 1664 cum
728 1627 928 1665 Pharnace
948 1626 1173 1676 scripsimus
1193 1628 1409 1674 fuerant—,
1427 1626 1542 1677 legati

214 1705 237 1730 a
258 1693 458 1730 Pharnace
488 1690 593 1729 missi
625 1691 833 1730 Caesarem
867 1692 1014 1730 adeunt
1042 1698 1161 1741 atque
1190 1690 1380 1741 imprimis
1409 1692 1542 1741 depre-

215 1763 351 1795 cantur
377 1769 427 1794 ne
456 1755 538 1794 eius
558 1756 749 1794 adventus
765 1756 916 1794 hostilis
933 1763 1033 1794 esset
1053 1771 1059 1793 :
1080 1757 1272 1794 facturum
1288 1755 1393 1794 enim
1410 1755 1543 1794 omnia

177 1833 193 1862 3
217 1822 444 1859 Pharnacen
474 1833 574 1870 quae
604 1819 791 1869 imperata
821 1828 960 1859 essent.
1022 1820 1274 1870 Maximeque
1305 1833 1543 1859 commemo·
1564 1832 1601 1864 ²5

215 1887 351 1924 rabant
382 1886 487 1922 nulla
519 1886 747 1923 Pharnacen
776 1885 918 1923 auxilia
947 1892 1082 1924 contra
1113 1886 1321 1924 Caesarem
1351 1884 1542 1934 Pompeio

215 1952 307 1988 dare
336 1949 515 1996 voluisse,
539 1962 629 1987 cum
668 1949 886 1997 Deiotarus,
910 1949 975 1999 qui
1007 1949 1189 1995 dedisset,
1212 1957 1344 1987 tamen
1373 1949 1407 1987 ei
1438 1949 1542 1987 satis-

216 2014 379 2053 fecisset.

144 2087 197 2126 70
272 2080 415 2118 Caesar
441 2079 642 2129 respondit
672 2093 713 2118 se
742 2081 823 2118 fore
851 2078 1131 2129 aequissimum
1154 2078 1354 2125 Pharnaci,
1384 2078 1414 2115 si
1442 2091 1542 2127 quae

180 2161 194 2182 2
217 2144 462 2194 polliceretur
514 2151 868 2194 repraesentaturus
922 2150 1033 2181 esset.
1112 2142 1270 2181 Monuit
1316 2149 1459 2189 autern,
1500 2149 1541 2180 ut
1561 2153 1604 2185 30

217 2209 377 2255 solebat,
401 2208 561 2247 mitibus
582 2208 709 2246 verbis
730 2210 888 2257 legatos,
911 2221 960 2246 ne
980 2215 1046 2245 aut
1069 2207 1299 2245 Deiotarum
1320 2206 1393 2245 sibi
1414 2206 1542 2245 obice-

216 2281 300 2312 rent
347 2281 413 2312 aut
453 2273 568 2311 nimis
607 2286 654 2311 eo
701 2272 954 2322 gloriarentur
1001 2271 1205 2318 beneficio,
1247 2272 1355 2320 quod
1402 2270 1543 2308 auxilia

260 2387 279 2415 4
305 2377 451 2416 denique
468 2375 663 2417 Nipperdey:
689 2376 813 2406 deinde
830 2375 867 2405 X
973 2385 1006 2406 11
1033 2380 1200 2406 armatura
1219 2374 1388 2406 Cuiacius:
1413 2379 1542 2404 matura

223 2419 276 2449 P:
304 2425 422 2450 natura
440 2419 527 2450 D'L'
664 2429 700 2458 17
727 2420 914 2450 adduxerat
938 2418 966 2448 T
1095 2429 1136 2448 20
1161 2418 1251 2448 mille
1269 2418 1348 2448 A'23:
1375 2427 1449 2448 cum
1466 2416 1503 2446 X
