1705 2729
574 110 617 148 C.
653 110 768 147 IVLI
801 110 1069 148 CAESARIS

120 220 389 270 4conquisitis
428 219 611 258 iumentis
647 219 685 256 in
720 226 844 257 castra
883 220 1100 268 deportant.
1174 220 1329 258 Transit
1368 220 1484 258 etiam

161 287 301 323 cohors
324 283 652 333 Illurgavonensis
679 284 729 320 ad
757 296 847 321 eum
875 283 1033 332 cognito
1062 283 1226 321 civitatis
1256 283 1419 322 consilio
1448 292 1486 322 et

121 356 137 387 5
161 349 268 398 signa
303 362 349 386 ex
382 347 549 386 statione
588 348 776 385 transfert.
838 349 984 397 Magna
1022 347 1196 386 celeriter
1229 348 1486 386 commutatio

160 426 298 450 rerum.
342 413 519 450 Perfecto
536 419 666 461 ponte,
687 411 837 462 magnis
857 411 1033 461 quinque
1054 411 1275 451 civitatibus
1290 414 1340 451 ad
1357 412 1486 450 amici—

160 477 252 515 tiam
274 476 479 523 adiunctis,
503 476 684 526 expedita
705 490 744 514 re
764 475 1024 523 frumentaria,
1048 476 1245 514 exstinctis
1266 476 1486 514 rumoribus
1507 493 1524 523 5

161 543 211 579 de
238 541 388 579 auxiliis
415 541 613 591 legionum
639 554 740 590 quae
769 554 859 579 cum
881 541 1072 590 Pompeio
1102 554 1170 591 per
1200 541 1485 579 Mauretaniam

161 605 292 644 venire
312 605 554 651 dicebantur,
578 607 723 643 multae
743 604 1035 654 longinquiores
1056 605 1229 643 civitates
1255 606 1305 643 ab
1327 605 1487 644 Afranio

162 670 385 708 desciscunt
407 678 444 708 et
466 669 642 708 Caesaris
663 669 875 707 amicitiam
897 678 1122 719 sequuntur.

96 731 141 768 61
217 734 372 782 Quibus
411 734 526 772 rebus
565 734 773 784 perterritis
811 734 951 772 animis
989 734 1296 773 adversariorum
1331 735 1484 781 Caesar,

162 812 211 837 ne
232 812 386 848 semper
407 812 549 848 magno
577 798 739 836 circuitu
767 812 834 848 per
862 806 1023 848 pontem
1050 799 1245 848 equitatus
1275 807 1375 837 esset
1405 799 1489 836 mit·
1510 814 1549 835 10

162 865 315 910 tenduS,
357 871 494 902 nactus
543 863 732 902 idoneum
780 865 911 902 locum
956 865 1078 902 fossas
1126 865 1272 913 pedum
1318 875 1406 901 xxx
1449 863 1487 901 in

162 927 410 966 latitudinem
449 927 659 977 compluris
694 929 820 966 facere
854 927 1030 974 instituit,
1067 927 1208 977 quibus
1243 935 1392 977 partem
1425 927 1490 966 ali-

163 1005 282 1042 quam
317 991 459 1030 Sicoris
492 999 680 1030 averteret
711 993 938 1041 vadumque
971 991 1011 1029 in
1041 1005 1088 1030 eo
1118 992 1279 1030 flumine
1308 993 1485 1031 efficeret.

127 1072 141 1094 2
165 1057 241 1095 His
262 1070 387 1107 paene
403 1056 549 1095 effectis
572 1069 757 1105 magnum
779 1056 818 1094 in
839 1056 1018 1095 timorem
1035 1056 1218 1095 Afranius
1235 1057 1488 1107 Petreiusque

163 1121 403 1171 perveniunt,
423 1134 472 1159 ne
493 1120 656 1158 omnino
672 1122 868 1159 frumento
884 1121 1110 1171 pabuloque
1126 1121 1484 1168 intercluderentur,
1511 1136 1547 1167 15

164 1187 271 1235 quod
293 1187 460 1224 multum
483 1186 628 1224 Caesar
654 1184 828 1235 equitatu
856 1185 1019 1223 valebat.
1081 1187 1220 1235 Itaque
1246 1185 1488 1224 constituunt

164 1249 236 1299 ipsi
278 1249 374 1288 locis
413 1250 601 1288 excedere
640 1256 677 1288 et
717 1249 755 1287 in
796 1249 1047 1288 Celtiberiam
1087 1250 1233 1288 bellum
1273 1251 1485 1288 transferre.

126 1325 143 1355 3
165 1314 272 1353 Huic
296 1314 460 1353 consilio
487 1315 769 1364 suffragabatur
795 1314 912 1353 etiam
942 1314 1006 1353 illa
1033 1328 1102 1362 res,
1125 1316 1233 1365 quod
1260 1329 1306 1354 ex
1332 1317 1488 1354 duobus

163 1378 363 1417 contrariis
410 1379 618 1428 generibus
657 1392 757 1429 quae
805 1379 1002 1429 superiore
1041 1380 1144 1418 bello
1191 1393 1281 1418 cum
1320 1380 1490 1419 Sertorio

164 1451 349 1481 steterant
381 1443 565 1490 civitates,
598 1443 722 1482 victae
754 1457 899 1483 nomen
930 1452 1049 1494 atque
1080 1444 1285 1494 imperium
1316 1444 1489 1483 absentis
1511 1458 1550 1480 20

165 1507 329 1557 Pompei
364 1507 564 1554 timebant,
598 1521 698 1557 quae
727 1508 766 1546 in
795 1508 965 1546 amicitia
995 1517 1216 1547 manserant
1247 1509 1396 1559 magnis
1425 1511 1490 1548 ad-

164 1573 288 1610 fectae
328 1571 528 1610 beneficiis
567 1585 657 1610 eum
692 1572 917 1622 diligebant,
955 1573 1131 1611 Caesaris
1170 1581 1301 1612 autem
1336 1581 1416 1612 erat
1450 1573 1489 1611 in

124 1651 144 1680 4
164 1635 337 1675 barbaris
365 1649 510 1674 nomen
541 1637 754 1675 obscurius.
817 1637 897 1675 Hic
924 1651 1087 1687 magnos
1114 1639 1308 1688 equitatus
1337 1651 1490 1689 magna-

164 1714 241 1750 que
274 1700 416 1739 auxilia
447 1701 726 1751 exspectabant
758 1709 795 1740 et
826 1702 904 1740 suis
936 1703 1031 1741 locis
1066 1704 1212 1742 bellum
1245 1703 1284 1741 in
1319 1703 1488 1741 hiemem

126 1775 142 1805 5
164 1766 308 1803 ducere
329 1765 563 1814 cogitabant.
625 1767 718 1804 Hoc
738 1766 835 1805 inito
856 1768 1020 1806 consilio
1041 1775 1124 1806 toto
1149 1767 1310 1806 flumine
1336 1767 1490 1805 Hibero
1511 1780 1548 1811 25

165 1829 272 1867 navis
299 1829 477 1879 conquiri
504 1838 541 1868 et
563 1831 800 1880 Octogesam
827 1832 972 1870 adduci
1000 1833 1145 1871 iubent.
1207 1833 1255 1871 Id
1279 1839 1359 1870 erat
1383 1831 1491 1881 oppi-

164 1894 259 1931 dum
303 1893 473 1943 positum
521 1895 572 1932 ad
612 1895 808 1934 Hiberum
849 1896 1034 1946 miliaque
1072 1910 1258 1946 passuum
1296 1909 1318 1934 a
1356 1895 1490 1933 castris

125 1958 298 1996 6aberat
336 1961 455 1999 †xx†.
534 1960 598 1997 Ad
637 1973 726 1998 eum
766 1962 897 1999 locum
936 1961 1107 1999 fluminis
1146 1960 1310 1999 navibus
1349 1959 1491 1998 iunctis

165 2029 326 2071 pontem
365 2022 557 2072 imperant
595 2024 676 2062 fieri
715 2025 967 2075 legionesque
1005 2026 1102 2064 duas
1141 2027 1287 2064 flumen
1326 2023 1489 2063 Sicorim

165 2087 374 2125 traducunt
394 2095 598 2137 castraque
619 2088 801 2127 muniunt
821 2091 923 2128 vallo
943 2091 1088 2139 pedum
1110 2101 1182 2127 X11.
1512 2100 1552 2130 30

208 2193 228 2221 3
253 2181 369 2214 celeri?
391 2186 414 2218 β
476 2185 647 2216 celeritate
670 2186 715 2216 D'
812 2185 1040 2216 &mutatione
1063 2185 1118 2215 D:
1156 2187 1187 2216 δι
1211 2184 1439 2216 ςόιτιιιῑειῐῐοηὲ
1461 2184 1493 2215 Ε

165 2237 184 2264 4
202 2227 328 2266 rerum]
347 2237 411 2259 om.
431 2227 477 2258 D‘
555 2238 592 2267 17
610 2229 690 2269 ipsi]
704 2228 829 2268 ipsisE
921 2239 959 2268 19
984 2228 1134 2259 Sertorio
1146 2233 1216 2260 Δλ;
1238 2228 1273 2259 L.
1287 2228 1440 2259 Sertorio
1457 2227 1495 2257 X

165 2279 202 2299 21
225 2269 360 2309 Pompei
374 2275 449 2311 post
463 2271 612 2302 absentis
620 2277 691 2311 pos,
708 2272 838 2310 Dam'es,
854 2276 931 2312 post
941 2270 1181 2302 manserantX
1273 2272 1316 2301 26
1339 2271 1490 2309 conquiri

164 2317 198 2342 et
212 2312 416 2353 Octogesam
438 2314 642 2345 Vascosanus
656 2326 663 2345 z
688 2315 873 2354 conquiere
886 2339 892 2346 .
904 2320 937 2346 et
953 2319 1147 2353 octogesma
1163 2313 1228 2346 L2:
1267 2314 1488 2353 conquirere.

165 2360 234 2385 toto
252 2356 415 2395 gesmaX
515 2368 555 2397 27
580 2358 735 2397 miliaque
752 2357 881 2390 Aldus:
907 2358 964 2389 mil
982 2367 1027 2389 .v.
1045 2357 1131 2389 codd.
1241 2359 1282 2388 28
1306 2367 1352 2388 xx
1377 2356 1463 2387 codd.
1481 2367 1488 2386 :

167 2409 236 2429 xxx
253 2411 315 2431 von
335 2401 431 2431 Go‘ler
