1705 2729
108 521 124 552 5

88 848 125 869 ῘΟ

85 1501 123 1523 20

87 2148 126 2178 30

445 148 519 184 DE
551 147 731 185 BELLO
762 148 939 185 CIVILI
972 149 1072 185 LIB.
1108 149 1172 186 III

148 268 332 304 magnum
360 268 565 293 numerum
593 270 638 294 ex
668 256 880 303 Thessalia,
905 256 1077 303 Boeotia,
1101 257 1251 294 Achaia
1273 257 1470 307 Epiroque

147 319 408 369 supplementi
430 320 588 358 nomine
609 320 648 358 in
669 320 841 370 legiones
857 320 1103 359 distribuerat
1120 335 1128 368 3
1147 321 1206 359 his
1223 321 1470 360 Antonianos

148 383 286 422 milites
307 384 575 423 admiscuerat.
637 387 791 423 Praeter
811 387 880 423 has
907 386 1156 435 exspectabat
1177 400 1267 424 cum
1288 385 1471 435 Scipione
1492 401 1510 430 3

147 462 192 486 ex
223 448 330 497 Syria
360 448 532 498 legiones
566 462 604 487 11.
665 449 888 500 Sagittarios
923 452 1049 497 Creta,
1082 452 1393 497 Lacedaemone,
1425 464 1471 488 ex

147 515 274 551 Ponto
294 520 411 563 atque
432 514 538 563 Syria
552 514 787 564 reliquisque
803 514 1023 553 civitatibus
1045 519 1090 552 ᾖ
1107 529 1270 553 numero
1287 515 1468 561 habebat,

146 577 387 616 funditorum
417 579 588 617 cohortis
618 579 858 618 sexcenarias
889 592 929 626 11,
953 580 1129 629 equiturn
1154 592 1210 617 vil
1237 579 1351 617 milia.
1413 581 1472 617 Ex

145 642 287 692 quibus
318 654 371 681 DC
401 644 534 681 Gallos
566 643 773 682 Deiotarus
802 645 1026 691 adduxerat,
1058 656 1085 681 D
1115 644 1395 682 Ariobarzanes
1425 658 1472 682 ex

145 707 398 756 Cappadocia
417 722 425 753 3
453 709 503 746 ad
517 709 686 746 eundem
704 721 910 746 numerum
927 710 1048 757 Cotys
1062 722 1107 746 ex
1123 708 1290 746 Thracia
1310 709 1472 747 dederat

144 779 182 809 et
209 773 390 810 Sadalam
418 772 539 810 filium
570 772 725 811 miserat
740 787 749 819 ,ς
778 786 824 810 ex
852 772 1090 811 Macedonia
1110 784 1158 811 CC
1185 780 1304 819 erant,
1328 772 1470 822 quibus
1490 785 1509 816 4

146 836 404 885 Rhascypolis
435 844 619 885 praeerat,
655 836 859 875 excellenti
892 836 1057 885 virtute,
1101 850 1127 875 D
1159 852 1205 876 ex
1239 838 1471 877 Gabinianis

145 900 389 947 Alexandria,
431 902 565 939 Gallos
605 902 914 951 Germanosque,
961 915 1059 951 quos
1098 902 1151 940 ibi
1190 905 1236 940 A.
1278 902 1471 941 Gabinius

144 964 310 1014 praesidi
331 978 448 1003 causa
463 967 568 1015 apud
584 979 713 1016 regem
736 967 1008 1004 Ptolomaeum
1025 966 1242 1015 reliquerat,
1259 966 1470 1016 Pompeius

144 1030 244 1068 filius
265 1044 354 1068 cum
375 1032 497 1069 classe
517 1032 754 1079 adduxerat,
776 1043 879 1069 DCCC
895 1045 941 1069 ex
962 1031 1078 1069 servis
1099 1031 1176 1070 suis
1190 1039 1470 1082 pastorumque

144 1109 302 1133 suorum
342 1109 496 1133 numero
541 1104 720 1145 coegerat
739 1110 748 1142 3
793 1108 867 1134 CCC
915 1096 1202 1134 Tarcondarius
1247 1098 1386 1136 Castor
1433 1104 1470 1135 et
1491 1108 1507 1139 5

146 1160 378 1206 Domnilaus
408 1174 454 1198 ex
493 1161 759 1210 Gallograecia
792 1162 982 1200 dederant
1005 1184 1057 1189 —-
1084 1162 1223 1199 horum
1261 1163 1356 1200 alter
1394 1175 1472 1199 una

143 1232 309 1271 venerat,
332 1226 428 1263 alter
456 1224 579 1263 filium
610 1224 765 1263 miserat
786 1240 861 1271 —3
890 1237 938 1264 CC
959 1239 1004 1263 ex
1029 1225 1136 1275 Syria
1155 1239 1177 1263 a
1198 1227 1471 1275 Commageno

143 1290 352 1337 Antiocho,
376 1289 439 1328 cui
460 1303 601 1340 magna
628 1290 839 1340 Pompeius
864 1290 1035 1340 praemia
1056 1290 1198 1338 tribuit,
1223 1290 1329 1329 missi
1350 1298 1467 1337 erant,

143 1355 181 1393 in
203 1355 261 1394 his
283 1355 456 1405 plerique
477 1355 766 1405 hippotoxotae.
829 1357 922 1393 Huc
942 1356 1159 1402 Dardanos,
1176 1358 1317 1394 Bessos
1332 1355 1470 1405 partim
1491 1357 1509 1388 6

144 1420 440 1467 mercennarios,
475 1420 614 1470 partim
647 1420 810 1471 imperio
841 1428 907 1458 aut
938 1420 1059 1470 gratia
1086 1428 1344 1470 comparatos,
1378 1420 1470 1458 item

145 1486 398 1531 Macedones,
427 1486 638 1523 Thessalos
661 1499 707 1523 ac
737 1484 970 1535 reliquarum
1000 1485 1174 1535 gentium
1205 1493 1243 1524 et
1272 1485 1471 1523 civitatum

143 1550 336 1589 adiecerat
355 1558 473 1601 atque
493 1564 583 1589 eum
611 1563 729 1600 quem
754 1564 868 1600 supra
889 1550 1242 1589 demonstravimus
1264 1564 1470 1589 numerum

143 1617 370 1665 expleverat.

198 1681 398 1720 Frumenti
436 1681 513 1720 virn
554 1681 761 1720 maximam
801 1696 846 1720 ex
880 1681 1093 1727 Thessalia,
1129 1680 1234 1727 Asia,
1275 1683 1465 1730 Aegypto,
1487 1689 1511 1727 5

145 1747 272 1793 Creta,
303 1746 465 1795 Cyrenis
495 1747 731 1796 reliquisque
761 1746 983 1796 regionibus
1013 1753 1314 1796 comparaverat.
1375 1745 1469 1783 Hie-
1491 1761 1505 1781 2

144 1825 249 1849 mare
281 1811 479 1863 Dyrrachi²
516 1811 750 1862 Apolloniae
785 1811 1048 1860 omnibusque
1081 1810 1237 1861 oppidis
1267 1810 1468 1849 maritimis

144 1874 407 1922 constituerat,
430 1883 471 1913 ut
499 1890 603 1914 mare
627 1876 787 1914 transire
814 1877 1022 1915 Caesarem
1052 1875 1284 1924 prohiberet,
1309 1874 1470 1924 eiusque

143 1938 195 1977 rei
226 1953 342 1977 causa
375 1940 483 1978 omni
517 1954 584 1978 ora
617 1939 810 1978 maritima
840 1941 1003 1978 classem
1036 1939 1290 1988 disposuerat.
1361 1941 1471 1977 Prae·
1490 1953 1508 1983 3

143 2011 222 2041 erat
249 2004 448 2054 Aegyptiis
473 2004 637 2043 navibus
665 2004 876 2054 Pompeius
898 2004 1010 2050 filius,
1034 2003 1214 2042 Asiaticis
1243 2005 1290 2041 D.
1315 2003 1471 2041 Laelius

144 2076 181 2106 et
212 2070 256 2108 C.
286 2069 466 2116 Triarius,
497 2069 660 2119 Syriacis
695 2071 738 2109 C.
774 2069 942 2116 Cassius,
979 2068 1147 2107 Rhodiis
1182 2069 1225 2107 C.
1262 2069 1471 2106 Marcellus

144 2147 233 2172 cum
251 2136 294 2174 C.
312 2135 505 2185 Coponio,
524 2134 758 2173 Liburnicae
773 2142 891 2184 atque
904 2133 1101 2171 Achaicae
1117 2132 1230 2171 classi
1246 2131 1471 2171 Scribonius

192 2242 203 2261 1
233 2231 334 2271 Epiro
351 2229 511 2271 L²Vpost
527 2241 698 2263 rasuram:
724 2231 844 2270 Epiros
861 2233 922 2260 cell.
1062 2239 1077 2268 7
1096 2229 1211 2260 Gallos
1228 2230 1250 2261 Β
1265 2239 1271 2258 :
1296 2228 1411 2259 Gallus
1428 2228 1473 2258 D'

143 2275 163 2304 8
177 2274 283 2314 Cotys
297 2274 479 2305 Ct'accom'ns
494 2286 500 2304 :
517 2274 621 2304 Cotus
631 2273 669 2303 X
740 2284 761 2312 9
772 2273 927 2303 Sadalam
939 2272 1006 2303 Nic.
1019 2272 1176 2302 Heinsius
1190 2283 1195 2302 :
1216 2272 1340 2302 sadala
1357 2271 1399 2302 V:
1413 2272 1471 2302 Sa·

144 2318 247 2348 salam
260 2321 322 2348 cett.
415 2327 455 2348 10
481 2316 704 2357 Rhascypolis
717 2316 930 2356 Oudendotp:
947 2315 1137 2354 Rascipolis
1153 2314 1190 2345 X
1278 2325 1315 2352 14
1334 2325 1471 2345 numero

145 2359 218 2390 add.
234 2359 344 2390 Clarke
432 2370 472 2399 25
492 2360 658 2399 Dyrrachi
676 2359 890 2390 Vascosanus:
906 2359 1095 2398 Dyrrachio
1107 2359 1150 2389 E:
1172 2359 1395 2397 Dyrrachium
1407 2361 1469 2388 cett.

144 2402 342 2442 Apolloniae
362 2403 405 2433 L'Z
421 2415 428 2434 ι
452 2404 630 2443 Apollonia
642 2407 704 2434 cett.
798 2412 840 2440 30
856 2401 1007 2441 Coponio
1024 2401 1210 2441 Glmzdorp:
1239 2401 1422 2439 Pomponio
1440 2398 1476 2430 X

187 2468 276 2488 cans.
299 2468 361 2488 ss.c.
1367 2458 1385 2481 (ν
