1705 2729
579 112 623 149 C.
658 110 773 147 IVLI
807 109 1075 146 CAESARIS

130 239 147 268 3
168 222 429 272 paratissimos
459 221 622 258 animos.
694 218 928 256 Afranianos
959 225 1093 255 contra
1122 216 1254 254 multis
1284 216 1398 254 rebus
1433 215 1491 253 sui

166 287 314 325 timoris
331 286 440 335 signa
462 285 634 323 misisse:
679 284 788 333 quod
809 283 887 320 suis
908 296 987 320 non
1009 280 1294 327 subvenissent,
1312 281 1421 330 quod
1442 281 1492 318 de

167 354 267 390 colle
288 366 367 390 non
388 352 637 396 decederent,
654 350 763 399 quod
784 348 845 385 vix
867 347 1043 397 equitum
1066 346 1242 384 incursus
1257 345 1491 383 sustinerent

166 416 395 466 collatisque
428 416 466 453 in
506 428 629 453 unum
661 415 792 452 locum
826 412 943 461 signis
978 409 1141 449 conferti
1173 424 1301 460 neque
1336 409 1492 447 ordines

128 496 146 525 4
167 494 295 531 neque
325 480 434 529 signa
464 486 669 517 servarent.
731 478 851 526 Quod
882 476 913 514 si
943 475 1188 525 iniquitatem
1219 473 1294 512 loci
1327 473 1490 520 timeret,

166 547 301 583 datum
338 543 381 581 iri
416 551 546 581 tamen
581 542 714 592 aliquo
749 542 837 579 loco
877 538 1078 590 pugnandi
1114 540 1348 584 facultatem,
1384 539 1491 588 quod

167 618 269 648 certe
311 609 403 647 inde
450 608 727 647 decedendum
774 613 874 644 esset
919 603 1081 642 Afranio
1131 617 1202 641 nec
1260 603 1343 641 sine
1391 616 1492 652 aqua

166 687 393 724 permanere
420 679 562 722 posset.

95 750 145 788 72
220 740 365 777 Caesar
385 737 424 775 in
442 750 528 775 eam
550 749 660 786 spem
676 742 834 774 venerat
855 747 896 772 se
917 733 1000 772 sine
1021 746 1152 783 pugna
1173 739 1210 770 et
1231 731 1314 769 sine
1335 733 1492 769 vulnere

166 818 325 842 suorum
343 817 423 841 rem
441 804 636 842 conficere
657 815 782 852 posse,
803 801 910 850 quod
928 814 967 838 re
981 798 1232 837 frumentaria
1252 797 1492 836 adversarios

130 883 143 903 2
166 869 454 908 interclusisset.
515 869 596 907 Cur
625 867 742 906 etiam
773 866 949 905 secundo
979 863 1128 915 proelio
1160 863 1313 913 aliquos
1345 877 1391 901 ex
1414 862 1492 900 suis

165 933 389 971 amitteret?
429 946 497 970 cur
534 930 726 970 vulnerari
760 937 956 980 pateretur
989 927 1137 978 optime
1176 927 1333 966 meritos
1372 928 1422 965 de
1451 941 1492 965 se

166 997 336 1035 milites?
375 1010 444 1034 cur
477 995 650 1045 denique
688 996 883 1033 fortunam
919 992 1228 1043 periclitaretur?
1267 991 1491 1042 praesertim

165 1075 255 1099 curn
290 1074 371 1099 non
403 1060 533 1098 minus
564 1066 666 1098 esset
696 1057 938 1108 imperatoris
969 1056 1133 1095 consilio
1165 1070 1345 1106 superare
1374 1069 1492 1106 quarn

129 1139 146 1169 3
164 1124 305 1174 gladio.
368 1125 604 1162 Movebatur
628 1123 745 1161 etiam
774 1120 1039 1160 misericordia
1069 1120 1222 1167 civium,
1253 1133 1351 1169 quos
1381 1120 1493 1158 inter-

166 1190 356 1227 ficiendos
390 1189 576 1235 videbat,
624 1187 767 1237 quibus
807 1186 921 1224 salvis
959 1193 1078 1235 atque
1116 1184 1381 1223 incolumibus
1411 1198 1492 1223 rem

126 1270 145 1298 4
166 1253 343 1292 obtinere
373 1253 553 1290 malebat.
627 1254 720 1289 Hoc
749 1250 957 1289 consilium
982 1248 1160 1288 Caesaris
1190 1248 1384 1298 plerisque
1411 1262 1492 1287 non

166 1318 432 1368 probabatur3
462 1316 603 1354 milites
624 1329 716 1354 vero
745 1316 873 1365 palam
904 1314 1003 1352 inter
1033 1327 1073 1351 se
1103 1313 1374 1363 loquebantur,
1399 1327 1493 1363 quo-

166 1381 270 1419 niam
301 1380 386 1418 talis
416 1380 573 1418 occasio
602 1378 786 1417 victoriae
820 1377 1088 1424 dimitteretur,
1112 1377 1229 1415 etiam
1258 1390 1347 1415 cum
1377 1379 1492 1416 vellet

166 1447 320 1492 Caesar,
358 1458 443 1483 sese
474 1457 555 1482 non
587 1457 671 1482 esse
703 1450 953 1493 pugnaturos.
1026 1443 1097 1480 Ille
1128 1441 1167 1478 in
1199 1454 1269 1479 sua
1299 1441 1493 1479 sententia

165 1516 383 1560 perseverat
418 1515 455 1547 et
489 1510 650 1557 paulum
682 1521 728 1545 ex
760 1520 807 1545 eo
838 1508 926 1545 loco
965 1505 1198 1556 degreditur,
1235 1513 1278 1543 ut
1311 1506 1491 1544 timorem

127 1592 143 1622 5
164 1572 392 1612 adversariis
410 1572 569 1610 minuat.
630 1571 804 1610 Petreius
820 1578 938 1620 atque
958 1569 1141 1608 Afranius
1158 1570 1290 1608 oblata
1310 1571 1493 1608 facultate

165 1639 204 1676 in
240 1645 364 1676 castra
403 1650 487 1675 sese
518 1638 698 1674 referunt.
760 1636 915 1681 Caesar,
949 1633 1151 1683 praesidiis
1187 1633 1387 1671 montibus
1419 1633 1493 1672 dis-

166 1703 302 1753 positis
323 1701 431 1740 omni
463 1703 514 1740 ad
537 1701 734 1739 Hiberum
762 1700 973 1738 intercluso
1001 1698 1148 1745 itinere,
1171 1711 1290 1748 quam
1316 1698 1492 1748 proxime

165 1775 293 1819 potest
314 1766 487 1804 hostium
508 1765 642 1803 castris
663 1772 787 1803 castra
808 1763 1036 1802 communit.

95 1848 145 1886 73
220 1835 382 1870 Postero
403 1831 468 1869 die
489 1831 610 1869 duces
631 1828 940 1868 adversariorum
961 1827 1186 1877 perturbati,
1207 1828 1315 1877 quod
1331 1840 1491 1865 omnem

164 1897 218 1936 rei
253 1895 526 1934 frumentariae
559 1894 811 1944 fluminisque
847 1893 987 1931 Hiberi
1020 1906 1130 1942 spem
1166 1892 1403 1939 dimiserant,
1442 1894 1492 1930 de

129 1980 144 2000 2
166 1961 322 2011 reliquis
354 1962 470 2000 rebus
504 1960 792 1998 consultabant.
864 1960 957 1996 Erat
991 1972 1114 1995 unum
1146 1957 1226 2004 iter,
1262 1958 1431 1995 Ilerdam
1460 1955 1492 1994 si

164 2026 302 2065 reverti
340 2027 494 2072 vellent,
528 2026 705 2070 alterum,
747 2023 778 2061 si
816 2024 1081 2060 Tarraconem
1113 2028 1298 2071 peterent.
1378 2023 1492 2059 Haec

165 2091 463 2130 consiliantibus
495 2089 549 2127 eis
584 2088 813 2127 nuntiantur
842 2094 1050 2136 aquatores
1081 2087 1132 2124 ab
1161 2085 1336 2135 equitatu
1367 2084 1491 2134 premi

129 2171 146 2201 3
165 2163 308 2194 nostro.
370 2155 461 2202 Qua
473 2167 512 2191 re
526 2152 683 2203 cognita
698 2152 851 2190 crebras
871 2150 1058 2188 stationes
1079 2149 1294 2199 disponunt
1315 2148 1491 2198 equitum

210 2268 229 2296 3
254 2257 458 2287 decederent
475 2256 574 2285 EAfi:
602 2255 801 2285 recederent
824 2257 886 2284 ccli.
1026 2262 1063 2282 12
1088 2252 1255 2282 amitteret
1275 2262 1306 2282 r:
1343 2252 1491 2281 mitteret

166 2301 202 2330 X
384 2310 442 2329 cur
467 2299 662 2329 vulnerari.
685 2320 691 2327 .
713 2321 719 2328 .
737 2298 858 2327 milites
882 2307 946 2326 0111.
980 2295 1008 2325 T
1174 2305 1215 2333 23
1240 2293 1426 2334 montibus]
1457 2294 1490 2323 in

166 2344 335 2375 montibus
352 2343 383 2373 E

1517 810 1553 830 10

1514 1132 1551 1164 15

1514 1454 1553 1476 20

1512 2100 1552 2130 30
