1705 2729
626 144 669 181 C.
705 142 820 179 IVLI
853 141 1121 180 CAESARIS

212 253 371 302 legibus,
397 253 435 291 in
456 253 491 290 vi
517 252 734 298 tribunicia,
763 252 801 290 in
827 251 1047 290 secessione
1072 251 1218 301 populi,
1242 251 1396 301 templis
1427 251 1536 290 locis-

173 327 287 367 6que
327 317 556 356 editioribus
596 316 824 365 occupatis,
865 324 982 365 atque
1022 316 1119 353 haec
1158 314 1365 365 superioris
1400 315 1536 354 aetatis

210 383 388 431 exempla
409 381 561 431 expiata
582 380 780 420 Saturnini
800 388 918 430 atque
935 381 1202 418 Gracchorum
1221 379 1375 418 casibus
1395 380 1512 418 docet
1527 395 1536 427 3

210 460 373 495 quarum
414 460 540 484 rerum
580 445 646 483 illo
686 453 862 496 tempore
901 444 997 482 nihil
1036 446 1194 490 factum,
1235 457 1284 482 ne
1323 443 1535 493 cogitatum

209 510 368 560 quidem
385 509 509 563 [nulla
530 512 590 549 lex
611 512 866 561 promulgata,
885 523 965 547 non
981 523 1070 547 cum
1088 510 1236 559 populo
1256 508 1317 558 agi
1338 516 1534 558 coeptum,
1556 521 1571 550 5

173 577 314 616 7nulla
352 576 520 614 secessio
552 574 683 627 facta].
759 577 960 621 Hortatur,
997 573 1107 612 cuius
1137 573 1380 623 imperatoris
1414 574 1535 611 ductu

208 652 297 677 V1111
333 640 444 678 annis
474 653 555 678 rem
590 639 788 690 publicam
816 639 1038 677 felicissime
1069 637 1257 689 gesserint
1290 637 1535 688 plurimaque

206 703 352 754 proelia
386 706 560 742 secunda
594 704 766 750 fecerint,
801 717 961 742 omnem
994 702 1161 741 Galliam
1202 702 1534 752 Germaniamque

205 768 438 817 pacaverint,
458 776 500 806 ut
521 768 603 806 eius
621 768 947 807 existimationem
966 767 1275 818 dignitatemque
1295 768 1346 805 ab
1366 766 1533 805 inimicis

167 842 185 872 S
205 834 429 872 defendant.
491 835 753 873 Conclamant
773 833 936 884 legionis
963 845 1065 879 X111.,
1090 846 1190 882 quae
1217 834 1361 879 aderat,
1391 831 1532 870 milites

205 899 360 936 ——hanc
390 898 495 936 enim
526 898 636 937 initio
664 900 854 937 tumultus
884 905 1121 943 evocaverat,
1154 896 1324 947 reliquae
1351 898 1530 935 nondum

204 971 609 1001 convenerant—sese
630 971 784 1013 paratos
806 976 890 1001 esse
915 962 1156 1012 imperatoris
1183 961 1242 1000 sui
1270 961 1529 1000 tribunorum-

205 1041 280 1078 que
302 1027 427 1077 plebis
448 1027 605 1066 iniurias
626 1029 847 1066 defendere.

160 1092 184 1130 8
258 1092 427 1142 Cognita
467 1092 632 1131 militum
672 1095 872 1132 voluntate
911 1093 1132 1131 Ariminum
1168 1107 1257 1131 cum
1293 1107 1338 1132 ea
1375 1093 1529 1144 legione

203 1156 462 1206 proficiscitur
483 1157 616 1207 ibique
637 1157 814 1196 tribunos
836 1158 960 1207 plebis
982 1157 1048 1207 qui
1075 1159 1125 1196 ad
1154 1172 1244 1196 eum
1273 1159 1528 1208 confugerant

203 1222 387 1260 convenit
403 1237 412 1269 ,-
442 1222 609 1272 reliquas
637 1222 810 1273 legiones
838 1236 884 1260 ex
909 1222 1081 1261 hibernis
1110 1230 1246 1261 evocat
1274 1230 1312 1262 et
1341 1222 1528 1273 subsequi

166 1301 180 1322 2
202 1287 319 1325 iubet.
382 1289 441 1325 Eo
464 1289 505 1325 L.
530 1289 675 1326 Caesar
701 1288 932 1325 adulescens
953 1287 1070 1334 venit,
1093 1287 1202 1325 cuius
1224 1295 1332 1338 pater
1353 1286 1529 1327 Caesaris

202 1359 281 1390 erat
311 1353 470 1401 legatus
533 1354 571 1390 Is
599 1352 749 1402 reliquo
776 1366 955 1390 sermone
983 1354 1164 1391 confecto
1192 1353 1303 1391 cuius
1331 1352 1384 1391 rei
1412 1365 1530 1390 causa

202 1424 359 1455 venerat
381 1417 524 1454 habere
546 1430 586 1455 se
606 1430 629 1454 a
650 1417 841 1466 Pompeio
865 1418 915 1455 ad
944 1430 1033 1455 eum
1061 1416 1198 1466 privati
1219 1417 1321 1455 offici
1343 1417 1529 1455 mandata

164 1487 181 1518 3
201 1483 468 1519 demonstrat:
504 1483 602 1520 velle
631 1481 866 1532 Pompeium
897 1495 937 1520 se
968 1482 1126 1521 Caesari
1157 1489 1371 1532 purgatum,
1403 1495 1452 1520 ne
1482 1494 1528 1519 ea

200 1559 300 1595 quae
322 1546 375 1584 rei
396 1546 578 1595 publicae
606 1560 724 1584 causa
749 1546 867 1595 egerit
890 1546 929 1583 in
951 1560 1061 1584 suam
1090 1546 1371 1584 contumeliam
1392 1554 1524 1584 vertat.

200 1614 363 1660 Semper
387 1624 428 1649 se
454 1611 506 1649 rei
528 1611 710 1661 publicae
740 1613 952 1650 commoda
981 1611 1139 1661 privatis
1170 1611 1526 1650 necessitudinibus

199 1675 384 1714 habuisse
431 1676 593 1725 potiora.
674 1678 883 1715 Caesarem
923 1690 1082 1726 quoque
1121 1690 1192 1727 pro
1230 1690 1300 1715 sua
1338 1676 1526 1726 dignitate

198 1741 343 1779 debere
368 1748 406 1779 et
433 1741 607 1780 studium
635 1749 673 1779 et
701 1741 943 1780 iracundiam
972 1755 1082 1780 suam
1110 1741 1164 1780 rei
1191 1741 1372 1791 publicae
1399 1740 1526 1780 dimit-

199 1813 279 1844 tere
302 1819 430 1855 neque
451 1807 552 1844 adeo
573 1806 738 1856 graviter
759 1806 870 1844 irasci
892 1806 1071 1854 inimicis,
1095 1814 1137 1845 ut
1164 1820 1254 1845 cum
1281 1806 1355 1844 illis
1382 1819 1525 1844 nocere

160 1890 179 1919 4
199 1884 239 1908 se
260 1878 387 1919 speret
408 1870 461 1909 rei
482 1871 663 1920 publicae
684 1879 834 1910 noceat.
896 1874 1026 1910 Pauca
1046 1871 1223 1910 eiusdem
1243 1870 1394 1920 generis
1414 1870 1525 1909 addit

198 1949 288 1973 cum
328 1935 578 1974 excusatione
614 1936 779 1986 Pompei
818 1936 1038 1975 coniuncta.
1100 1937 1252 1974 Eadem
1290 1937 1369 1974 fere
1406 1943 1525 1985 atque

198 2000 347 2038 eisdem
381 2000 509 2039 verbis
544 2009 698 2051 praetor
732 2001 900 2040 Roscius
934 2002 1011 2051 agit
1046 2015 1136 2040 cum
1170 2003 1337 2041 Caesare
1369 2000 1523 2050 sibique

199 2066 432 2115 Pompeium
453 2080 785 2105 commemorasse
806 2068 1059 2105 demonstrat.

150 2141 177 2177 9
252 2130 365 2177 Quae
396 2144 455 2168 res
490 2131 561 2169 etsi
589 2131 685 2168 nihil
716 2132 768 2169 ad
797 2133 981 2170 levandas
1012 2131 1168 2170 iniurias
1198 2130 1390 2182 pertinere
1418 2130 1522 2169 vide-

197 2194 348 2241 bantur,
381 2202 513 2233 tamen
543 2195 709 2233 idoneos
740 2203 877 2234 nactus
907 2195 1088 2234 homines
1118 2209 1186 2245 per
1220 2209 1318 2245 quos
1346 2209 1392 2233 ea
1421 2209 1521 2245 quae

196 2260 310 2296 vellet
348 2260 399 2297 ad
438 2273 528 2297 eum
576 2262 846 2310 perferrentur,
888 2260 985 2310 petit
1022 2261 1072 2299 ab
1112 2268 1290 2310 utroque,
1331 2260 1519 2310 quoniam

239 2364 302 2399 5.6
327 2363 438 2392 nulla.
461 2387 465 2392 .
488 2387 492 2392 .
515 2363 599 2393 sacta
624 2363 680 2393 dcl.
707 2362 882 2403 Nz'ppcmlcy
971 2373 1011 2401 25
1046 2368 1080 2393 ut
1110 2363 1153 2394 T:
1187 2374 1230 2393 ne
1254 2363 1284 2393 l:
1313 2374 1378 2394 om.
1397 2361 1525 2393 D‘UV

195 2407 234 2433 28
261 2406 372 2435 verbis
391 2406 521 2436 Clarke:
550 2407 649 2436 rebus
665 2405 703 2435 Χ

1558 841 1594 862 10

1549 1494 1588 1515 20

1546 1816 1584 1847 ²5

1543 2138 1583 2169 30

1692 2147 1705 2546 ἿᾈΛμμ--Αμ-..ᾳὶ-ᾼ-,.ᾈ,Ι
1701 2111 1705 2126 Α.
