1705 2729
422 125 497 162 DE
528 124 708 162 BELLO
738 124 948 163 AFRICO
979 124 1148 161 LIBER

123 236 294 283 devictis,
320 243 377 274 tot
398 243 476 274 tam
497 235 608 274 claris
628 234 796 274 victoriis
818 235 947 285 partis,
969 236 1019 273 ab
1046 235 1203 285 reliquis
1229 236 1352 286 copiis
1378 237 1443 274 ad-

123 300 375 339 versariorum
397 313 554 338 suorum
579 314 625 338 ex
648 302 738 349 fuga
763 299 936 338 collectis
961 313 1001 337 se
1028 307 1227 337 cruentam
1255 301 1441 350 adeptum

123 364 330 404 existimari
362 364 573 403 victoriam.
638 366 778 414 Itaque
807 364 1062 402 constituerat
1090 364 1251 414 gloriam
1281 366 1443 402 exsulta-
1465 380 1503 401 10

124 429 351 479 tionemque
380 442 515 467 eorum
545 428 635 478 pati,
672 429 800 466 donec
834 427 907 466 sibi
942 435 1210 466 veteranarum
1244 428 1442 478 legionum

87 508 104 538 5
123 507 209 544 pars
229 493 359 543 aliqua
379 493 417 530 in
439 493 614 531 secundo
635 500 859 531 commeatu
880 492 1119 531 occurrisset.

176 557 306 607 Scipio
336 557 488 595 interim
518 556 722 607 paulisper,
746 564 789 594 ut
817 564 932 595 antea
961 557 1051 603 dixi,
1077 557 1117 595 in
1146 571 1194 596 eo
1223 559 1312 596 loco
1340 571 1444 595 com-
1462 571 1513 607 32

122 629 303 668 moratus,
327 629 368 659 ut
398 620 507 671 quasi
537 620 760 671 despexisse
791 622 999 660 Caesarem
1028 620 1232 669 videretur,
1256 621 1443 671 paulatim

122 685 271 725 reducit
290 699 379 724 suas
399 685 531 735 copias
552 684 592 722 in
613 692 737 723 castra
757 692 794 723 et
815 684 1000 723 contione
1019 686 1211 724 advocata
1230 686 1280 724 de
1301 693 1443 723 terrore

122 764 193 788 suo
219 749 571 800 desperationeque
595 749 784 788 exercitus
806 749 982 789 Caesaris
1003 750 1093 788 facit
1114 751 1232 788 verba
1251 758 1289 788 et
1309 751 1443 788 cohor-

67 827 104 849 10
122 822 222 853 tatus
239 828 330 853 suos
346 814 546 853 victoriam
564 814 759 864 propriam
777 827 818 852 se
834 814 888 852 eis
905 814 1013 853 brevi
1029 816 1210 853 daturum
1226 814 1439 864 pollicetur.

122 881 265 919 Caesar
293 879 401 918 iubet
431 878 572 917 milites
602 893 731 918 rursus
760 880 811 918 ad
840 892 938 929 opus
968 879 1093 918 redire
1122 886 1160 917 et
1188 893 1256 929 per
1285 892 1442 917 causam
1464 896 1479 916 2

121 944 384 983 munitionum
424 944 567 983 tirones
605 943 645 982 in
684 945 816 983 labore
850 943 1059 994 defatigare
1098 958 1178 983 non
1212 944 1439 982 intermittit.

122 1009 283 1047 Interim
320 1008 518 1048 Numidae
553 1008 781 1058 Gaetulique
817 1008 1004 1058 diffugere
1043 1008 1187 1047 cotidie
1226 1023 1272 1047 ex
1310 1009 1442 1047 castris
1462 1025 1480 1054 3

122 1073 315 1124 Scipionis
347 1081 384 1112 et
415 1073 554 1124 partim
586 1073 625 1111 in
660 1087 822 1123 regnum
856 1087 897 1112 se
928 1075 1114 1120 conferre,
1148 1073 1298 1123 partim,
1334 1074 1443 1124 quod

65 1149 101 1181 15
121 1138 193 1189 ipsi
221 1138 464 1189 maioresque
494 1151 629 1177 eorum
652 1137 846 1176 beneficio
864 1139 907 1177 C.
925 1138 1027 1176 Mari
1047 1138 1105 1176 usi
1126 1138 1287 1176 fuissent
1304 1139 1443 1178 Caesa-

121 1215 280 1253 remque
310 1202 393 1241 eius
421 1203 594 1241 adfinem
629 1215 713 1240 esse
747 1201 971 1249 audiebant,
996 1202 1035 1240 in
1056 1202 1138 1240 eius
1165 1209 1290 1241 castra
1318 1204 1443 1252 perfu-

119 1280 208 1318 gere
246 1267 470 1306 catervatim
510 1280 590 1305 non
632 1266 902 1305 intermittunt.
976 1267 1155 1315 Quorum
1194 1280 1241 1305 ex
1277 1280 1481 1314 numero4

119 1332 251 1371 electis
290 1331 515 1371 hominibus
555 1330 839 1370 inlustrioribus
879 1329 1101 1383 [Gaetulos]
1141 1338 1179 1369 et
1216 1330 1351 1369 litteris
1390 1332 1442 1370 ad

119 1410 210 1436 suos
240 1397 333 1436 civis
362 1396 462 1436 datis
492 1397 717 1435 cohortatus
744 1396 799 1434 uti
833 1409 953 1434 manu
980 1397 1081 1434 facta
1107 1409 1148 1434 se
1176 1409 1347 1446 suosque
1378 1397 1442 1435 de—

63 1474 102 1497 20
119 1463 333 1509 fenderent‚
369 1475 419 1500 ne
452 1460 531 1500 suis
564 1460 731 1500 inimicis
761 1459 1068 1511 adversariisque
1099 1459 1206 1499 dicto
1235 1460 1440 1499 audientes

119 1534 259 1574 essent,
290 1526 417 1565 mittit.

174 1594 281 1630 Dum
309 1593 406 1630 haec
432 1592 483 1630 ad
508 1590 726 1641 Ruspinam
759 1591 868 1637 fiunt,
899 1589 1014 1640 legati
1046 1604 1092 1628 ex
1116 1591 1262 1639 Acylla,
1286 1589 1440 1629 civitate
1459 1597 1511 1634 33

118 1655 239 1695 libera
258 1663 296 1695 et
315 1656 492 1703 immuni,
515 1657 566 1694 ad
587 1657 794 1695 Caesarem
814 1655 976 1694 veniunt
1000 1668 1120 1705 seque
1145 1662 1299 1704 paratos
1327 1669 1441 1704 quae-

118 1734 288 1771 cumque
317 1720 544 1771 imperasset
577 1728 615 1759 et
648 1720 785 1759 libenti
815 1720 948 1759 animo
979 1721 1148 1758 facturos
1182 1719 1414 1770 pollicentur
1430 1735 1440 1767 3

61 1799 99 1830 25
119 1793 270 1824 tantum
290 1799 398 1824 orare
418 1793 456 1824 et
476 1793 607 1836 petere
630 1786 680 1824 ab
707 1798 755 1824 eo
779 1792 821 1823 ut
850 1784 924 1823 sibi
953 1784 1190 1835 praesidium
1218 1785 1336 1831 daret,
1360 1798 1440 1835 quo

118 1851 237 1889 tutius
266 1850 307 1890 id
336 1859 373 1889 et
403 1850 486 1889 sine
510 1850 688 1901 periculo
712 1852 838 1889 facere
861 1857 1045 1900 possent,
1075 1863 1115 1888 se
1139 1857 1177 1887 et
1200 1851 1438 1888 frumentum

118 1922 156 1953 et
182 1929 454 1966 quaecumque
484 1929 542 1954 res
573 1915 628 1954 eis
659 1922 883 1966 suppeteret
911 1914 1133 1953 communis
1160 1915 1293 1953 salutis
1319 1915 1440 1965 gratia

117 1980 499 2019 sumministraturos.
550 1980 705 2029 Quibus
726 1980 841 2019 rebus
862 1979 974 2019 facile
994 1993 1017 2017 a
1037 1981 1204 2020 Caesare
1224 1979 1438 2030 impetratis
1459 1995 1473 2016 2

116 2044 389 2095 praesidioque
410 2046 513 2092 dato,
537 2046 580 2084 C.
604 2044 808 2092 Messium,
830 2043 1009 2083 aedilicia
1034 2045 1212 2082 functum
1233 2050 1435 2093 potestate,

59 2116 99 2147 30
118 2110 294 2158 Acyllam
319 2109 427 2148 iubet
453 2108 656 2160 proficisci.
717 2108 872 2158 Quibus
900 2109 1015 2148 rebus
1044 2108 1209 2158 cognitis
1226 2108 1437 2148 Considius
1458 2122 1476 2152 3

163 2221 201 2250 13
225 2211 425 2251 Gaetulique
443 2211 510 2243 edd.
525 2223 530 2241 z
551 2211 685 2243 Gaetuli
703 2210 740 2241 X
821 2211 984 2242 Numidae
1000 2211 1068 2242 secl.
1089 2210 1211 2242 Davt'es
1231 2211 1292 2250 qm·
1305 2211 1436 2241 Gaetuli

117 2255 225 2285 retinet
351 2256 389 2285 18
414 2254 579 2286 Gaetulos
597 2255 775 2296 (Gaetulus
795 2254 839 2294 V)
856 2253 912 2285 X:
937 2254 992 2285 del.
1014 2253 1132 2285 Morus
1252 2264 1293 2284 22
1317 2254 1437 2293 Acylla

116 2297 151 2327 D
166 2301 195 2327 et
209 2297 403 2338 plerumque
424 2299 487 2329 U':
520 2298 618 2329 acilla
640 2298 675 2328 T'
693 2298 766 2340 (U')
784 2310 790 2329 :
814 2299 917 2338 acilla,
937 2298 1067 2334 achilla,
1086 2297 1198 2337 agylla
1214 2297 1243 2327 L
1261 2309 1267 2327 :
1292 2297 1435 2328 Achulla

116 2340 244 2380 Kz'epert
344 2352 385 2380 23
409 2346 443 2372 et
461 2342 599 2372 immuni
617 2342 753 2373 Rubens
768 2353 774 2373 ε
798 2342 899 2372 etiam
917 2342 1065 2381 undique
1082 2339 1119 2370 X
1246 2351 1285 2380 27
1310 2341 1340 2372 ei
1357 2351 1433 2380 sup-

117 2384 235 2414 ultt'ma
253 2395 316 2414 vox
331 2384 394 2415 cod.
416 2385 447 2415 E
