1705 2729
103 263 158 299 39

102 902 158 939 40

142 1557 156 1578 2

142 1748 159 1778 3

140 1875 159 1905 4

597 140 639 176 Γ.
675 139 790 176 IVLI
823 136 1091 175 CAESARIS

240 250 427 288 Deductis
466 263 556 288 orae
602 247 816 286 maritimae
862 246 1063 297 praesidiis
1109 248 1262 291 Caesar,
1305 253 1346 282 ut
1389 257 1504 293 supra

179 315 491 352 demonstratum
523 321 591 360 est,
626 325 671 350 111
708 311 878 350 cohortis
911 311 1015 350 Orici
1051 310 1187 360 oppidi
1221 308 1357 348 tuendi
1389 321 1505 346 causa

179 379 333 429 reliquit
355 379 559 428 isdemque
580 377 800 416 custodiam
822 376 978 414 navium
1005 377 1207 425 longarum
1229 373 1387 413 tradidit
1407 387 1504 423 quas

178 457 224 481 ex
259 443 371 481 Italia
406 444 635 482 traduxerat.
698 441 804 479 Huic
836 440 966 479 offie'io
997 439 1225 489 oppidoque
1258 440 1323 476 Μ’.
1357 438 1505 476 Acilius

178 508 325 557 legatus
357 514 541 556 praeerat.
602 508 641 544 Is
680 505 787 544 navis
822 512 972 543 nostras
1011 503 1233 542 interiorem
1271 503 1311 540 in
1349 511 1505 553 portum

178 580 266 622 post
298 572 489 622 oppidum
524 571 675 610 reduxit
710 578 748 609 et
778 571 829 608 ad
863 577 1003 608 terram
1034 567 1217 618 deligavit
1248 567 1506 618 faucibusque

179 643 313 685 portus
334 649 473 674 navem
495 635 710 674 onerariam
735 635 978 672 submersam
1006 632 1150 671 obiecit
1170 640 1208 670 et
1234 631 1326 670 huic
1345 633 1505 670 alteram

179 699 381 738 coniunxit
399 714 408 747 3
437 713 553 750 super
580 713 675 749 quas
703 707 846 737 turrem
868 699 1047 737 effectam
1074 698 1125 735 ad
1149 696 1277 746 ipsum
1303 695 1504 735 introitum

179 773 312 815 portus
352 764 536 815 opposuit
579 771 616 802 et
659 763 846 801 militibus
885 761 1096 812 complevit
1144 761 1411 811 tuendamque
1452 763 1503 800 ad

179 829 307 867 omnis
328 829 552 879 repentinos
572 842 684 867 casus
705 828 873 866 tradidit.

235 894 390 942 Quibus
429 893 593 943 cognitis
627 893 742 931 rebus
782 893 853 931 Cn.
893 890 1103 941 Pompeius
1142 890 1253 938 filius,
1288 890 1354 940 qui
1393 889 1505 928 classi

181 957 395 1008 Aegyptiae
423 964 606 1007 praeerat,
629 958 681 995 ad
702 956 863 995 Oricum
884 955 989 994 venit
1017 956 1339 1004 submersamque
1366 968 1506 993 navem

179 1023 352 1060 remulco
370 1021 580 1071 multisque
597 1021 842 1060 contendens
858 1020 1016 1058 funibus
1032 1019 1194 1058 adduxit
1214 1027 1332 1069 atque
1347 1021 1506 1058 alteram

178 1100 318 1125 navem
353 1100 452 1136 quae
487 1094 567 1124 erat
599 1087 650 1124 ad
684 1085 904 1124 custodiam
938 1085 989 1122 ab
1019 1084 1146 1122 Acilio
1175 1083 1300 1133 posita
1331 1084 1506 1133 pluribus

177 1165 378 1201 aggressus
406 1151 580 1198 navibus,
605 1151 644 1188 in
665 1150 807 1200 quibus
834 1151 884 1188 ad
908 1149 1046 1187 libram
1076 1150 1218 1187 fecerat
1242 1148 1365 1195 turris,
1388 1156 1429 1187 ut
1459 1163 1505 1188 ex

180 1215 377 1265 superiore
426 1229 603 1266 pugnans
651 1217 739 1253 loco
787 1214 1036 1264 integrosque
1087 1227 1240 1263 semper
1287 1213 1505 1264 defatigatis

180 1280 427 1319 summittens
449 1288 486 1319 et
507 1280 662 1330 reliquis
684 1279 857 1330 partibus
878 1279 993 1317 simul
1014 1292 1059 1317 ex
1080 1286 1178 1317 terra
1198 1278 1311 1316 scalis
1331 1287 1369 1316 et
1385 1280 1507 1316 classe

181 1345 336 1384 moenia
353 1345 488 1395 oppidi
505 1352 711 1395 temptans,
731 1344 786 1383 uti
806 1342 1114 1383 adversariorum
1132 1356 1270 1380 manus
1291 1342 1504 1389 diduceret,

179 1411 312 1448 labore
350 1417 387 1448 et
434 1409 685 1448 multitudine
727 1410 892 1447 telorum
940 1415 1091 1446 nostros
1130 1407 1220 1445 vicit
1266 1406 1507 1457 deiectisque

180 1473 463 1520 defensoribus,
501 1474 567 1523 qui
602 1487 739 1512 omnes
775 1472 928 1522 scaphis
964 1473 1114 1522 excepti
1155 1474 1384 1523 refugerant,
1419 1485 1506 1510 eam

180 1553 319 1577 navem
359 1537 602 1588 expugnavit.
666 1538 899 1586 Eodemque
938 1544 1114 1587 tempore
1153 1552 1198 1576 ex
1236 1539 1355 1576 altera
1400 1544 1508 1587 parte

181 1605 325 1641 molem
364 1602 488 1640 tenuit
527 1603 742 1640 naturalem
781 1601 989 1647 obiectam,
1030 1615 1131 1651 quae
1176 1615 1301 1652 paene
1339 1602 1507 1640 insulam

180 1667 371 1717 oppidum
404 1666 530 1712 efficit,
564 1674 601 1704 et
632 1678 694 1703 1111
726 1665 883 1704 biremis
914 1665 1098 1704 subiectis
1130 1666 1291 1704 scutulis
1320 1666 1507 1716 impulsas

179 1731 355 1770 vectibus
395 1731 433 1768 in
473 1730 696 1769 interiorem
735 1739 891 1781 portum
925 1731 1103 1769 traduxit.
1166 1733 1226 1769 Ita
1260 1745 1306 1769 ex
1343 1738 1508 1781 utraque

179 1804 286 1846 parte
306 1796 414 1834 navis
436 1797 571 1845 longas
591 1809 803 1846 aggressus,
828 1810 928 1846 quae
950 1803 1058 1834 erant
1079 1795 1270 1846 deligatae
1295 1796 1347 1834 ad
1367 1802 1507 1834 terram

179 1870 296 1911 atque
328 1862 474 1907 inanes,
507 1873 569 1898 1111
601 1875 648 1899 ex
677 1861 736 1899 his
766 1861 939 1907 abduxit,
973 1861 1139 1911 reliquas
1169 1860 1354 1899 incendit.
1415 1862 1508 1898 Hoc

179 1928 360 1964 confecto
390 1925 548 1975 negotio
581 1928 628 1963 D.
661 1925 838 1964 Laelium
867 1926 917 1964 ab
939 1925 1111 1963 Asiatica
1140 1927 1262 1963 classe
1290 1925 1507 1963 abductum

223 2040 241 2067 4
268 2029 320 2060 M’.
340 2028 414 2059 add.
434 2028 615 2059 Aclmz'nlre
761 2028 889 2059 Acilius
906 2028 1071 2058 Faernus:
1099 2029 1251 2058 caninius
1267 2028 1333 2058 D‘:
1358 2027 1506 2058 caninia-

180 2083 242 2102 nus
258 2074 280 2106 β
435 2080 454 2110 5
480 2077 613 2111 portum
633 2071 837 2102 ciacconius:
874 2077 1002 2111 partem
1024 2070 1062 2100 X
1212 2073 1231 2101 8
1255 2081 1338 2110 quas
1355 2070 1409 2100 X:
1442 2081 1508 2109 qua

179 2115 352 2145 Manutius
367 2126 372 2145 :
399 2125 498 2154 quam
516 2115 663 2155 Kraffert
825 2114 966 2154 turrem]
985 2115 1101 2144 turrim
1119 2115 1186 2144 ET
1306 2124 1344 2152 13
1368 2114 1508 2144 adduxit

179 2158 231 2190 X:
258 2159 398 2189 abduxit
416 2158 537 2189 Dcwies
691 2169 730 2197 19
754 2158 894 2188 deiectis
925 2158 1075 2188 Vossius:
1110 2157 1251 2188 defectis
1279 2156 1317 2186 X
1467 2167 1505 2186 21

181 2207 277 2241 parte
294 2204 316 2236 β
331 2213 336 2231 ;
364 2206 496 2241 partem
514 2201 560 2231 D'
679 2212 720 2231 22
746 2201 909 2232 obiectam
927 2203 948 2235 β
963 2213 968 2230 z
996 2201 1162 2231 obiectum
1179 2200 1223 2230 D'
1329 2211 1370 2239 23
1395 2200 1505 2239 efficit,

181 2250 214 2276 et
243 2244 376 2285 Menge:
414 2245 572 2275 effecerat
600 2243 638 2273 X
843 2245 929 2274 mole
956 2244 1049 2275 tenui
1075 2243 1275 2274 naturaliter
1300 2244 1431 2274 obiecta
1449 2267 1456 2274 .
1476 2267 1482 2273 .
1502 2267 1508 2273 .

182 2289 343 2318 effecerat
370 2287 546 2328 Nipperdey
678 2298 718 2325 24
749 2292 878 2327 portum
906 2288 1111 2319 ciacconius:
1148 2292 1276 2326 partem
1300 2285 1338 2315 X
1466 2288 1508 2316 26

182 2332 320 2361 abduxit
344 2331 388 2360 V:
415 2332 554 2361 adduxit
572 2335 635 2361 cell.

1525 838 1564 861 10

1529 1164 1563 1197 ¹5

1528 1487 1568 1509 20

1529 1810 1566 1842 25
