1705 2729
622 131 665 169 C.
701 131 815 167 IVLI
848 130 1117 168 CAESARIS

206 242 347 292 quibus
376 249 482 280 erant
507 247 632 280 tectae
659 254 776 279 naves
801 248 1035 279 nocturnum
1064 240 1241 291 excipere
1264 254 1389 280 rorem
1420 255 1530 292 coge-

166 320 182 349 5
204 315 362 355 rentur3
415 320 512 357 quas
550 314 681 345 tamen
720 306 968 344 difficultates
1006 306 1197 356 patienter
1240 315 1358 357 atque
1402 321 1530 358 aequo

203 372 336 410 animo
357 372 533 410 ferebant
563 384 692 421 neque
722 371 795 409 sibi
826 372 1014 410 nudanda
1041 370 1154 409 litora
1184 378 1222 409 et
1251 371 1530 422 relinquendos

165 445 184 476 6
204 445 338 487 portus
355 437 640 476 existimabant.
702 437 780 475 Sed
795 450 885 475 cum
902 444 1032 475 essent
1049 436 1087 474 in
1105 435 1248 486 quibus
1265 437 1530 476 demonstravi

203 502 391 551 angustiis
422 515 468 540 ac
498 515 538 540 se
574 501 675 539 Libo
705 515 795 539 cum
832 501 976 540 Bibulo
1006 501 1285 548 coniunxisset,
1318 503 1531 552 loquuntur

203 567 323 605 ambo
350 581 396 605 ex
425 566 590 605 navibus
620 579 710 604 cum
743 568 808 604 Μ’.
832 566 960 604 Acilio
991 574 1028 604 et
1058 566 1181 604 Statio
1213 568 1354 604 Murco
1383 567 1529 616 legatis,

203 645 371 681 quorum
415 633 510 670 alter
552 631 687 681 oppidi
734 631 862 678 muris,
904 632 1000 669 alter
1045 631 1247 681 praesidiis
1288 631 1531 670 terrestribus

203 704 400 746 praeerat:
431 698 530 734 velle
561 710 601 734 se
623 698 672 734 de
697 695 875 734 maximis
901 696 1016 734 rebus
1044 709 1134 734 curn
1158 696 1325 735 Caesare
1355 695 1476 745 loqui,
1500 695 1530 733 si

168 774 183 807 7
203 762 277 815 sibi
299 762 380 800 eius
398 763 560 800 facultas
581 762 703 799 detur.
748 763 841 799 Huc
857 761 1010 799 addunt
1027 774 1152 810 pauca
1167 760 1221 799 rei
1237 760 1532 798 confirmandae

164 858 167 861 .
202 840 330 874 causa,
354 834 398 865 ut
416 828 466 865 de
486 825 774 876 compositione
794 825 915 864 acturi
933 825 1165 863 viderentur.
1220 824 1382 863 Interim
1402 832 1533 874 postu-

165 902 182 932 8
202 894 283 930 lant
303 900 345 930 ut
365 891 442 929 sint
463 891 636 930 indutiae
657 898 776 941 atque
795 891 846 929 ab
867 890 921 929 eis
942 890 1162 940 impetrant.
1215 892 1406 940 Magnum
1427 889 1532 928 enim

202 958 310 1007 quod
331 956 561 995 adferebant
581 956 796 1003 videbatur,
819 963 857 994 et
878 957 1087 995 Caesarem
1109 955 1150 994 id
1176 968 1330 994 summe
1357 955 1533 993 sciebant

203 1035 345 1072 cupere
366 1029 404 1060 et
424 1023 643 1072 profectum
664 1020 813 1070 aliquid
834 1020 982 1059 Vibulli
1011 1019 1207 1058 mandatis
1227 1019 1528 1058 existimabatur.

137 1089 183 1126 16
258 1087 402 1126 Caesar
422 1099 469 1125 eo
494 1093 670 1135 tempore
695 1098 785 1123 cum
813 1085 966 1135 legione
994 1098 1071 1123 una
1100 1086 1298 1135 profectus
1324 1086 1375 1123 ad
1400 1084 1532 1134 recipi-

203 1153 324 1190 endas
346 1150 546 1189 ulteriores
563 1149 738 1188 civitates
759 1157 798 1188 et
818 1163 898 1188 rem
916 1149 1207 1187 frumentariam
1230 1149 1529 1199 expediendam,

203 1230 280 1267 qua
299 1223 463 1265 anguste
480 1215 672 1261 utebatur,
689 1221 769 1252 erat
789 1215 839 1253 ad
863 1215 1099 1252 Buthrotum
1114 1214 1306 1263 oppidum
1323 1215 1531 1264 oppositum

167 1298 180 1318 2
204 1282 407 1330 Corcyrae.
469 1280 531 1318 Ibi
552 1279 691 1318 certior
711 1279 760 1318 ab
782 1279 910 1317 Acilio
931 1286 968 1317 et
991 1280 1133 1317 Murco
1154 1291 1222 1328 per
1242 1278 1386 1316 litteras
1408 1280 1532 1317 factus

203 1347 252 1385 de
284 1345 488 1395 postulatis
530 1344 692 1383 Libonis
725 1352 762 1383 et
803 1343 931 1382 Bibuli
973 1343 1168 1393 legionem
1202 1342 1408 1393 relinquit;
1449 1343 1533 1394 ipse

166 1423 183 1452 3
203 1411 365 1450 Oricum
405 1410 616 1449 revertitur.
690 1412 749 1448 Eo
789 1423 879 1448 cum
915 1409 1095 1456 venisset,
1136 1417 1348 1448 evocantur
1389 1409 1442 1447 illi
1481 1410 1532 1448 ad

203 1475 455 1526 colloquium.
517 1475 651 1513 Prodit
683 1474 784 1513 Libo
808 1481 926 1524 atque
951 1481 1109 1512 excusat
1141 1473 1338 1521 Bibulum,
1363 1475 1470 1524 quod
1500 1474 1532 1512 is

203 1540 405 1579 iracundia
421 1553 575 1578 summa
596 1547 677 1578 erat
702 1538 1004 1588 inimicitiasque
1025 1538 1197 1577 habebat
1219 1538 1336 1577 etiam
1363 1538 1530 1589 privatas

202 1619 292 1644 cum
318 1606 486 1645 Caesare
516 1619 562 1643 ex
591 1604 789 1643 aedilitate
819 1611 857 1642 et
886 1610 1065 1653 praetura
1094 1611 1306 1653 conceptas
1321 1618 1331 1651 3
1361 1604 1414 1642 ob
1444 1617 1531 1642 eam

202 1684 359 1709 causam
377 1670 618 1720 colloquium
640 1670 790 1716 vitasse,
807 1683 857 1708 ne
873 1682 932 1707 res
953 1669 1145 1707 maximae
1161 1669 1243 1719 spei
1261 1669 1532 1719 maximaeque

164 1750 179 1779 4
202 1735 376 1774 utilitatis
393 1735 475 1774 eius
493 1734 694 1773 iracundia
710 1734 1000 1784 impedirentur.
1056 1734 1219 1784 Pompei
1237 1747 1431 1772 summam
1447 1747 1532 1772 esse

201 1814 246 1839 ac
278 1800 396 1839 fuisse
431 1813 585 1851 semper
614 1801 856 1838 voluntatem
888 1806 930 1837 ut
966 1806 1296 1849 componerentur
1329 1806 1447 1849 atque
1481 1799 1532 1838 ab

200 1865 316 1904 armis
337 1865 614 1912 discederetur,
638 1863 743 1917 se[d]
767 1871 1002 1914 potestatem
1025 1863 1107 1902 eius
1129 1863 1182 1901 rei
1204 1865 1351 1902 nullam
1373 1864 1529 1911 habere,

201 1938 406 1980 propterea
422 1931 530 1980 quod
552 1931 602 1968 de
618 1929 756 1968 consili
782 1929 977 1968 sententia
998 1941 1192 1967 summam
1210 1928 1302 1966 belli
1323 1941 1531 1978 rerumque

164 2007 180 2037 5
201 1995 379 2033 omnium
423 1993 614 2044 Pompeio
655 1993 910 2043 permiserint.
989 1994 1067 2032 Sed
1106 1992 1310 2042 postulatis
1352 1992 1530 2034 Caesaris

200 2059 365 2109 cognitis
396 2059 580 2096 missuros
607 2059 657 2096 ad
685 2058 918 2108 Pompeium
943 2064 1061 2107 atque
1085 2056 1194 2095 illum
1222 2056 1369 2107 reliqua
1394 2071 1462 2107 per
1488 2070 1530 2096 se

1554 835 1594 858 10

1555 1159 1591 1191 15

1553 1484 1592 1506 20

1553 1807 1592 1840 25

199 2131 376 2162 acturum
397 2122 644 2161 hortantibus
666 2123 768 2172 ipsis.
831 2124 985 2160 Interea
1006 2129 1207 2160 manerent
1229 2121 1414 2168 indutiae,
1432 2122 1528 2159 dum
1550 2131 1590 2162 30

242 2229 263 2258 6
289 2226 342 2258 Μ’.
366 2227 524 2257 Ursinus:
569 2227 612 2256 M.
638 2226 725 2257 codd.
869 2236 890 2264 9
914 2225 974 2255 sibi
992 2225 1064 2256 eius
1080 2224 1114 2253 D
1129 2236 1134 2254 :
1169 2224 1230 2254 sibi
1248 2223 1289 2254 ei’
1306 2224 1363 2255 L‘:
1398 2224 1460 2254 sibi
1478 2224 1526 2254 E:

200 2271 230 2301 ei
254 2271 299 2301 T:
324 2281 390 2300 om.
414 2271 445 2301 V
533 2280 570 2309 13
588 2270 713 2309 aliquid
732 2269 795 2299 D‘:
822 2268 956 2308 aliquod
973 2270 996 2303 β
1063 2267 1185 2298 Vibulli
1205 2267 1339 2299 Canter:
1366 2267 1477 2297 Bibuli
1495 2266 1532 2296 X

204 2317 241 2345 16
264 2319 405 2353 anguste
424 2313 547 2345 D'LF:
575 2318 738 2352 angustae
760 2312 831 2342 UT‘
1027 2311 1217 2351 oppositum
1234 2310 1310 2342 add.
1330 2310 1528 2350 Oudendovp

199 2369 240 2388 20
264 2362 364 2396 atque
382 2356 511 2388 Aldus:
540 2367 650 2395 neque
666 2355 704 2386 X
876 2366 915 2393 24
943 2356 1081 2394 Pompei
1099 2364 1260 2384 summam
1277 2353 1329 2385 X:
1353 2354 1525 2384 Summam

200 2411 292 2432 suam
311 2401 443 2431 Kraner
573 2410 613 2438 25
639 2404 899 2439 componeretur
917 2404 956 2431 Δ.
974 2399 1042 2429 edd.
1151 2399 1193 2428 26
1216 2408 1252 2427 se
1271 2397 1442 2428 Buecheler
