1705 2729
441 137 514 173 DE
546 136 726 174 BELLO
756 136 967 175 AFRICO
997 138 1167 175 LIBER

141 243 296 281 traiecit.
359 244 437 293 Qui
459 246 554 282 dum
580 245 711 283 anima
739 246 918 284 nondum
943 245 1133 295 exspirata
1156 247 1404 294 concidisset,
1430 254 1502 295 et4

139 308 287 358 impetu
308 309 411 347 facto
432 309 470 346 in
491 309 716 347 cubiculum
738 324 784 348 ex
804 309 1026 360 suspicione
1046 310 1223 349 medicus
1244 311 1463 351 familiares-

138 386 215 422 que
249 372 449 411 continere
480 381 597 422 atque
628 375 768 411 vulnus
802 373 973 424 obligare
1004 374 1237 424 coepissent,
1271 375 1353 426 ipse
1385 376 1463 414 suis

139 436 319 475 manibus
341 439 480 475 vulnus
507 432 775 476 crudelissime
803 438 951 476 divellit
974 446 1092 488 atque
1115 439 1248 477 animo
1269 440 1461 490 praesenti

99 512 117 544 5
137 514 178 539 se
199 500 403 539 interemit.
464 503 595 550 Quem
617 501 825 541 Uticenses
847 516 1086 552 quamquam
1107 504 1271 542 oderant
1294 504 1461 554 partium
1483 522 1500 551 5

136 565 265 616 gratia,
291 573 421 604 tamen
442 574 599 616 propter
627 566 707 604 eius
736 566 970 616 singularem
1001 567 1273 617 integritatem,
1297 576 1334 606 et
1355 570 1462 619 quod

136 629 418 668 dissimillimus
456 630 692 680 reliquorum
733 632 879 670 ducum
919 633 1041 669 fuerat
1081 633 1268 682 quodque
1303 633 1460 671 Uticam

137 694 306 733 mirificis
323 695 506 745 operibus
528 695 744 733 muniverat
765 695 957 745 turrisque
973 704 1141 743 auxerat,
1157 699 1355 746 sepultura
1370 699 1462 736 adfi-

135 759 253 797 ciunt.
314 761 405 808 Quo
436 759 638 798 interfecto
669 762 711 797 L.
742 761 886 799 Caesar
914 768 956 798 ut
984 760 1133 810 aliquid
1164 761 1236 799 sibi
1267 776 1312 799 ex
1344 776 1390 800 ea
1424 776 1462 800 re
1481 768 1500 798 6

79 840 118 863 10
136 823 251 861 auxili
272 831 422 873 pararet
443 831 661 862 convocato
687 825 836 874 populo
862 824 1047 862 contione
1075 824 1208 862 habita
1237 826 1462 863 cohortatur

135 887 262 926 omnis
292 896 334 926 ut
362 895 497 938 portae
525 888 786 938 aperirentur:
826 901 866 926 se
896 888 935 926 in
966 890 1009 928 C.
1043 889 1219 928 Caesaris
1254 889 1461 927 clementia

135 965 315 1001 magnam
337 965 446 1002 spem
467 952 621 991 habere.
683 954 821 1002 Itaque
841 952 961 1003 portis
982 953 1183 1003 patefactis
1202 953 1320 992 Utica
1340 968 1461 1003 egres·
1484 967 1498 1000 7

134 1029 198 1054 sus
229 1016 385 1055 Caesari
415 1016 636 1066 imperatori
671 1017 827 1055 obviam
858 1016 1124 1067 proficiscitur.
1187 1019 1381 1064 Messalla,
1419 1026 1461 1056 ut

133 1087 213 1118 erat
233 1080 476 1130 imperatum,
501 1080 660 1120 Uticam
685 1080 860 1131 pervenit
890 1081 1153 1132 omnibusque
1183 1082 1303 1133 portis
1333 1090 1459 1122 custo-

77 1161 113 1193 15
133 1144 216 1182 dias
237 1145 357 1195 ponit.

186 1210 330 1248 Caesar
358 1209 511 1249 interim
540 1211 590 1248 ab
620 1211 781 1259 Thapso
810 1223 1034 1260 progressus
1055 1213 1240 1250 Ussetam
1268 1212 1453 1262 pervenit,
1476 1213 1531 1261 89

132 1273 199 1312 ubi
229 1274 359 1324 Scipio
390 1288 574 1325 magnum
604 1274 787 1313 frumenti
817 1288 1035 1321 numerum,
1058 1289 1265 1323 armorum,
1290 1279 1455 1315 telorum

131 1346 426 1389 ceterarumque
446 1352 573 1377 rerum
594 1352 684 1377 cum
706 1352 824 1388 parvo
845 1339 1038 1389 praesidio
1059 1340 1258 1379 habuerat.
1320 1343 1367 1381 Id
1394 1343 1458 1380 ad·
1481 1356 1494 1376 2

131 1403 291 1441 veniens
321 1403 476 1453 potitur,
510 1402 655 1441 deinde
677 1404 969 1442 Hadrumetum
1000 1404 1184 1454 pervenit.
1246 1406 1337 1453 Quo
1367 1419 1457 1444 cum

74 1483 113 1505 20
132 1466 214 1505 sine
236 1481 344 1506 mora
364 1467 571 1514 introisset,
589 1467 715 1514 armis,
732 1469 929 1506 frumento
944 1469 1192 1519 pecuniaque
1212 1469 1458 1508 considerata

132 1534 180 1581 Q.
198 1532 363 1583 Ligario,
387 1535 430 1573 C.
449 1533 640 1573 Considio
661 1532 751 1579 filio,
776 1532 843 1583 qui
864 1540 946 1571 tum
968 1532 1021 1571 ibi
1043 1535 1205 1581 fuerant,
1228 1534 1346 1572 vitam
1368 1548 1458 1573 con-

130 1597 255 1636 cessit.
328 1598 483 1637 Deinde
515 1599 656 1637 eodem
688 1597 752 1636 die
788 1598 1038 1636 Hadrumeto
1069 1611 1244 1648 egressus
1280 1598 1456 1638 Livineio
1477 1612 1494 1643 3

131 1664 284 1713 Regulo
314 1677 404 1702 cum
434 1663 587 1714 legione
614 1663 668 1701 ibi
694 1662 828 1701 relicto
850 1661 1010 1701 Uticam
1030 1662 1084 1701 ire
1106 1663 1320 1701 contendit.
1380 1664 1456 1703 Cui
1475 1683 1494 1713 4

129 1727 168 1764 in
192 1727 328 1767 itinere
358 1730 401 1767 fit
430 1728 569 1767 obvius
601 1730 642 1766 L.
668 1730 812 1767 Caesar
842 1734 879 1766 et
908 1727 1039 1766 subito
1069 1741 1110 1766 se
1139 1728 1189 1766 ad
1219 1741 1346 1778 genua
1372 1742 1456 1778 pro-

72 1807 107 1839 25
128 1791 218 1831 iecit
246 1793 444 1844 vitamque
479 1794 551 1833 sibi
584 1808 712 1844 neque
756 1793 923 1844 amplius
965 1792 1177 1842 quicquam
1212 1794 1451 1843 deprecatur.

129 1857 203 1897 Cui
234 1859 378 1898 Caesar
412 1859 523 1898 facile
550 1867 588 1898 et
618 1873 689 1910 pro
720 1867 856 1898 natura
886 1873 955 1898 sua
985 1866 1023 1897 et
1052 1871 1122 1908 pro
1153 1857 1331 1897 instituto
1365 1872 1455 1897 con·
1474 1874 1491 1905 5

127 1922 253 1969 cessit,
285 1922 378 1961 item
409 1924 614 1972 Caecinae,
647 1926 691 1965 C.
727 1925 855 1972 Ateio,
889 1927 929 1963 P.
960 1924 1081 1971 Atrio,
1114 1925 1155 1961 L.
1194 1924 1326 1962 Cellae
1356 1924 1454 1973 patri

127 1994 165 2024 et
186 1987 275 2034 filio,
307 1990 362 2027 M.
391 1989 532 2040 Eppio,
560 1992 615 2028 M.
642 1990 813 2040 Aquino,
841 1990 1003 2030 Catonis
1030 1989 1109 2028 filio
1142 1988 1454 2038 Damasippique

127 2050 256 2090 liberis
285 2066 332 2091 ex
370 2067 439 2092 sua
473 2055 760 2094 consuetudine
799 2055 931 2094 tribuit
970 2054 1200 2104 circiterque
1239 2053 1453 2092 luminibus

174 2165 186 2184 1
215 2160 247 2186 et
267 2155 340 2187 add.
365 2156 432 2187 edd.
568 2168 587 2196 4
612 2158 739 2190 divellit
760 2164 801 2189 λ;
837 2160 973 2190 devellit
997 2159 1036 2189 X
1193 2161 1213 2190 8
1238 2158 1451 2197 turribusque

126 2197 241 2228 Novak
348 2211 386 2230 10
408 2200 522 2231 auxilii
539 2207 673 2239 pararet
688 2202 843 2242 Scaliger,
861 2206 869 2219 ‘
880 2214 919 2233 ex
933 2204 1030 2234 veleri
1047 2204 1161 2234 Ursini
1175 2204 1273 2233 codice
1285 2201 1291 2214 '
1305 2214 1312 2232 ε
1336 2201 1451 2231 auxilii

127 2247 215 2272 raret
236 2242 297 2272 U':
330 2244 508 2274 auxiliaret
527 2244 612 2275 DT:
647 2245 866 2277 auxiliaretur
886 2246 917 2275 V
1067 2249 1104 2278 16
1130 2247 1287 2278 Ussetam
1308 2244 1449 2275 DU‘T':

126 2284 283 2315 vissetam
302 2285 354 2316 L:
390 2287 537 2318 Uzittam
558 2289 697 2319 Kncbler
827 2300 867 2326 27
893 2291 929 2321 C.
950 2290 1050 2321 Ateio
1071 2291 1275 2321 Cz'acconius:
1312 2288 1449 2319 Caeteio

125 2327 175 2400 υῖί
195 2328 302 2359 ceteio
328 2328 491 2361 DLUT':
524 2332 650 2362 caeteis
671 2332 704 2362 F
833 2334 874 2363 28
898 2334 1021 2373 aquino
1038 2332 1094 2365 X:
1129 2334 1278 2373 Aquinio
1304 2333 1359 2370 Δδ,
1379 2331 1448 2362 5Ιέ-

122 2375 145 2410 p
158 2382 264 2409 mnus,
285 2372 345 2402 alii
