1705 2729
344 134 417 170 DE
448 132 627 170 BELLO
657 131 1071 168 ALEXANDRINO
1103 131 1272 167 LIBER

151 245 264 292 longe
295 242 343 279 ab
376 242 629 287 Alexandrea,
662 240 727 289 qui
759 239 981 278 nominatur
1013 241 1151 286 Delta,
1186 240 1292 288 quod
1324 252 1468 277 nomen

149 321 171 345 a
204 305 458 344 similitudine
491 305 639 343 litterae
670 304 796 354 cepit:
835 317 925 342 nam
957 317 1044 353 pars
1074 304 1267 352 quaedam
1298 302 1469 340 fluminis

151 370 230 409 Nili
256 370 428 408 derivata
453 368 570 422 [inter
590 366 646 420 se]
671 369 826 406 duobus
854 367 1056 405 itineribus
1080 367 1266 417 paulatim
1296 366 1469 405 medium

149 434 247 472 inter
275 448 315 472 se
345 433 513 484 spatium
538 432 760 482 relinquens
787 431 1050 470 diversissimo
1076 433 1127 469 ad
1154 431 1244 469 litus
1268 430 1470 469 intervallo

111 511 127 541 5
149 498 243 536 mari
259 498 515 547 coniungitur.
566 496 641 536 Cui
661 498 748 535 loco
769 510 858 534 curn
879 496 1191 546 appropinquare
1214 495 1470 534 Mithridaten
1492 515 1505 535 2

148 576 212 600 rex
242 562 487 612 cognovisset
519 569 556 599 et
588 562 868 599 transeundum
903 560 937 598 ei
972 562 1118 598 flumen
1151 559 1273 606 sciret,
1311 573 1470 609 magnas

88 638 93 644 ’
147 628 330 664 adversus
352 640 442 665 eum
476 625 608 675 copias
642 625 756 672 misit,
793 625 935 674 quibus
969 626 1028 662 vel
1068 624 1236 674 superari
1272 624 1470 673 delerique

151 690 406 729 Mithridaten
426 692 486 728 vel
507 690 589 728 sine
610 689 732 728 dubio
756 689 909 727 retineri
934 702 1048 738 posse
1072 689 1265 726 credebat.
1340 690 1469 736 Quem
1490 700 1507 729 3

148 756 197 793 ad
219 756 381 793 modum
402 762 533 793 autem
554 754 715 804 optabat
736 767 824 791 eum
847 752 959 800 vinci,
980 753 1034 791 sic
1055 752 1145 790 satis
1167 753 1338 790 habebat
1359 752 1471 790 inter-

94 830 130 852 10
148 819 298 856 clusum
320 832 342 856 a
363 820 528 858 Caesare
548 832 571 856 a
591 832 631 856 se
652 817 815 856 retineri.
867 819 979 865 Quae
1000 817 1146 867 primae
1167 816 1303 866 copiae
1325 818 1470 854 flumen
1494 832 1505 857 ⁴

147 896 169 920 a
192 883 307 920 Delta
327 882 486 920 transire
507 890 545 920 et
567 881 785 920 Mithridati
811 894 1011 920 occurrere
1035 888 1255 931 potuerunt,
1280 880 1469 929 proelium

148 946 426 984 commiserunt
448 946 674 984 festinantes
698 945 914 995 praeripere
935 944 1266 994 subsequentibus
1286 944 1470 982 victoriae

148 1011 383 1049 societatem.
463 1012 642 1059 Quorum
682 1010 871 1060 impetum
913 1009 1162 1047 Mithridates
1202 1022 1342 1059 magna
1380 1022 1469 1046 cum
1491 1025 1505 1054 5

147 1075 353 1125 prudentia
388 1074 702 1127 [constantiaque
734 1074 918 1112 virtutum
950 1081 988 1112 et
1018 1073 1372 1112 Alexandrinorum
1403 1073 1471 1110 im-

93 1137 371 1191 15prude‘ntia]
411 1140 696 1178 consuetudine
735 1147 866 1177 nostra
904 1138 1037 1177 castris
1076 1138 1224 1176 vallatis
1264 1137 1446 1175 sustinuit
1462 1152 1471 1184 3

147 1218 237 1242 cum
258 1218 348 1242 vero
368 1204 523 1242 incaute
550 1211 667 1253 atque
695 1204 906 1242 insolenter
927 1204 1137 1241 succedere
1158 1216 1225 1241 eos
1248 1201 1470 1240 munitioni-

147 1270 219 1307 bus
257 1268 414 1316 videret‚
451 1268 654 1319 eruptione
688 1268 864 1318 undique
897 1269 999 1306 facta
1038 1281 1222 1317 magnum
1262 1280 1467 1304 numerum

146 1347 279 1371 eorum
319 1333 519 1371 interfecit.
592 1333 711 1381 Quod
750 1331 823 1369 nisi
862 1333 1037 1370 locorum
1076 1330 1215 1370 notitia
1253 1330 1389 1380 reliqui
1428 1340 1506 1370 se6

147 1397 329 1436 texissent
367 1397 586 1447 partimque
632 1397 670 1435 in
717 1396 825 1435 navis
867 1397 1010 1446 quibus
1053 1398 1199 1434 flumen
1239 1395 1468 1433 transierant

91 1476 129 1498 20
147 1462 391 1512 recepissent,
421 1461 596 1500 funditus
620 1461 737 1500 deleti
767 1468 906 1499 essent.
967 1460 1046 1509 Qui
1074 1468 1115 1498 ut
1139 1461 1298 1510 paulum
1322 1460 1372 1497 ab
1402 1458 1467 1497 illo
1489 1471 1504 1505 7

147 1526 283 1564 timore
329 1539 368 1564 se
413 1532 642 1571 recrearunt,
693 1524 867 1563 adiuncti
913 1524 966 1562 eis
1012 1524 1079 1574 qui
1128 1524 1467 1573 subsequebantur

146 1604 273 1628 rursus
303 1604 528 1640 oppugnare
560 1589 815 1628 Mithridaten
846 1597 1068 1639 coeperunt.

200 1654 368 1693 Mittitur
401 1669 424 1692 a
456 1654 684 1692 Mithridate
719 1653 878 1692 nuntius
914 1653 1069 1693 Caesari
1104 1653 1171 1702 qui
1205 1666 1285 1690 rem
1319 1660 1466 1702 gestam
1486 1651 1536 1688 28

146 1722 336 1770 perferret.
389 1719 602 1768 Cognoscit
623 1733 668 1757 ex
689 1718 767 1756 suis
788 1719 925 1756 eadem
947 1719 1043 1756 haec
1064 1717 1252 1756 accidisse
1273 1730 1346 1755 rex.
1408 1718 1468 1754 Ita

88 1799 124 1830 ²5
145 1798 268 1834 paene
301 1785 373 1822 sub
407 1783 512 1821 idem
544 1791 697 1833 tempus
732 1790 769 1821 et
803 1796 867 1821 rex
900 1784 950 1821 ad
982 1782 1285 1832 opprimendum
1318 1780 1468 1819 Mithri-

145 1850 262 1887 daten
293 1847 550 1898 proficiscitur
584 1855 622 1886 et
655 1849 798 1887 Caesar
835 1848 885 1885 ad
918 1846 1198 1897 recipiendum.
1271 1845 1466 1885 Celeriore
1489 1862 1503 1882 2

144 1912 314 1950 fluminis
345 1912 425 1950 Nili
455 1912 701 1961 navigatione
729 1926 793 1950 rex
819 1918 876 1949 est
906 1925 1009 1958 usus,
1039 1911 1078 1949 in
1108 1924 1187 1961 quo
1218 1923 1397 1960 magnam
1428 1917 1466 1947 et

144 1984 315 2026 paratam
337 1978 499 2014 classem
524 1977 704 2015 habebat.
765 1977 908 2015 Caesar
934 1977 1075 2014 eodem
1096 1975 1232 2013 itinere
1252 1974 1308 2012 uti
1328 1974 1462 2021 noluit,

144 2055 192 2080 ne
224 2041 387 2080 navibus
416 2041 455 2078 in
487 2041 648 2079 flumine
679 2040 889 2087 dimicaret,
920 2042 989 2079 sed
1020 2041 1302 2079 circumvectus
1332 2048 1389 2077 est
1419 2054 1465 2078 eo

86 2120 126 2150 30
145 2106 250 2152 mari,
277 2107 384 2156 quod
408 2105 562 2144 Africae
588 2105 705 2155 partis
735 2119 819 2143 esse
849 2105 1000 2152 dicitur,
1024 2105 1136 2143 sicuti
1165 2118 1279 2154 supra
1305 2106 1466 2143 demon-

145 2169 349 2207 stravimus
364 2185 373 2217 3
420 2169 524 2219 prius
555 2177 685 2207 tamen
714 2169 811 2218 regis
835 2169 958 2218 copiis
983 2169 1159 2215 occurrit,
1193 2182 1309 2218 quam
1340 2168 1370 2205 is
1394 2168 1465 2205 Mi-

186 2267 205 2285 2
229 2257 359 2296 accepit
376 2256 440 2286 ET
566 2267 586 2295 3
612 2256 700 2286 inter
717 2266 753 2286 sc
771 2256 827 2286 dcl.
848 2255 997 2285 Duelmcr
1066 2254 1227 2294 medium]
1245 2255 1350 2285 maius
1364 2255 1464 2284 Muel-

143 2300 190 2329 ler
292 2310 325 2329 11
353 2310 372 2330 a
390 2298 507 2340 Delta]
527 2299 567 2329 ad
585 2303 612 2329 Δ
630 2299 720 2329 delta
741 2298 789 2329 V:
815 2299 949 2329 addelta
967 2299 999 2329 E
1131 2309 1168 2337 14
1194 2299 1346 2337 potentia
1367 2297 1464 2328 DlTl

144 2343 400 2381 constantiaque
418 2367 424 2373 .
445 2366 451 2372 .
473 2367 478 2372 .
501 2342 727 2381 imprudentia
745 2345 787 2376 B:
813 2353 876 2373 om.
896 2342 940 2371 D'
1050 2343 1088 2371 16
1113 2347 1209 2372 caute
1228 2341 1314 2371 D‘T‘
1425 2351 1461 2370 21

143 2386 291 2416 adiuncti
310 2385 402 2415 DT':
431 2386 598 2416 adiunctis
614 2385 685 2415 EL'
818 2395 856 2423 27
883 2395 948 2424 quo
967 2386 1045 2414 Δ“-’δ;
1071 2395 1135 2423 qua
1154 2383 1190 2413 X
