1705 2729
488 112 560 147 DE
593 110 772 147 BELLO
803 109 980 148 CIVILI
1014 109 1114 146 LIB.
1149 110 1213 146 III

191 218 353 268 reliquit,
377 218 443 268 qui
464 225 706 256 commeatus
729 217 880 266 Byllide
908 224 1026 266 atque
1047 216 1230 254 Amantia
1251 216 1448 266 importari
1469 216 1507 253 in

190 282 379 332 oppidum
396 282 639 332 prohibebat.
692 283 781 330 Ipse
803 280 957 318 Lissum
973 282 1169 330 profectus
1190 279 1297 318 navis
1314 279 1508 318 onerarias
1529 291 1545 322 5

190 358 278 383 xxx
311 360 334 383 a
364 348 418 383 M.
451 345 626 383 Antonio
656 345 805 383 relictas
840 345 938 382 intra
967 352 1121 394 portum
1152 357 1352 393 aggressus
1382 343 1509 382 omnis

189 409 386 457 incendit'3
418 409 571 447 Lissum
596 422 815 459 expugnare
839 416 1003 446 conatus
1033 407 1335 446 defendentibus
1360 407 1509 445 civibus

152 488 168 519 5
191 474 380 512 Romanis
397 474 464 523 qui
480 474 562 512 eius
579 480 794 511 conventus
816 480 922 510 erant
945 472 1210 520 militibusque
1227 484 1325 521 quos
1343 470 1508 521 praesidi

189 552 305 576 causa
335 538 490 576 miserat
519 539 671 584 Caesar,
696 537 867 575 triduum
890 544 1061 575 moratus
1092 535 1225 586 paucis
1250 535 1288 572 in
1311 548 1509 585 oppugna-

189 602 294 641 tione
315 602 465 641 amissis
487 616 526 641 re
547 602 689 640 infecta
710 601 801 639 inde
823 601 1010 639 discessit.

242 668 396 712 Caesar,
418 674 626 716 postquam
655 664 887 714 Pompeium
907 666 958 702 ad
980 664 1236 714 Asparagium
1264 676 1348 702 esse
1369 676 1510 712 cogno·
1529 673 1573 709 41

188 730 250 777 vit,
292 731 432 768 eodem
471 744 561 768 cum
600 729 769 768 exercitu
807 730 1002 778 profectus
1041 736 1261 777 expugnato
1296 727 1335 764 in
1374 727 1509 765 itinere

134 810 170 832 10
188 793 336 843 oppido
358 793 641 840 Parthinorum,
664 793 703 830 in
725 806 803 842 quo
826 792 1036 842 Pompeius
1064 791 1299 842 praesidium
1325 792 1505 836 habebat,

188 858 299 896 tertio
333 858 397 896 die
430 857 738 909 [Macedoniam]
768 859 819 895 ad
854 856 1085 907 Pompeium
1120 856 1295 906 pervenit
1326 856 1509 905 iuxtaque

187 936 276 960 eum
303 930 426 960 castra
450 922 579 972 posuit
609 930 646 961 et
676 921 862 972 postridie
883 921 1033 959 eductis
1064 921 1247 959 omnibus
1277 920 1399 970 copiis
1426 921 1508 959 acie

186 985 373 1025 instructa
392 986 629 1025 decernendi
655 993 888 1036 potestatem
920 985 1110 1035 Pompeio
1130 985 1230 1023 fecit.
1291 985 1372 1024 Ubi
1400 985 1507 1023 illum
1531 1001 1544 1022 z

187 1050 264 1088 suis
303 1051 397 1089 locis
436 1065 476 1090 se
514 1059 645 1089 tenere
682 1050 856 1088 animum
895 1049 1069 1095 advertit,
1112 1050 1273 1087 reducto
1312 1049 1350 1086 in
1385 1057 1508 1087 castra

131 1131 166 1164 15
187 1115 354 1153 exercitu
374 1115 480 1154 aliud
501 1115 574 1153 sibi
595 1114 801 1153 consilium
818 1113 1053 1163 capiendum
1075 1112 1316 1150 existimavit.
1370 1115 1508 1163 Itaque
1529 1124 1546 1154 3

186 1188 341 1230 postero
361 1180 425 1219 die
449 1180 633 1218 omnibus
655 1179 777 1229 copiis
805 1191 947 1228 magno
972 1177 1134 1215 circuitu
1159 1176 1302 1214 difficili
1329 1185 1508 1226 angusto-

185 1257 261 1293 que
293 1243 429 1282 itinere
466 1243 721 1293 Dyrrachium
755 1244 951 1292 profectus
983 1249 1039 1280 est
1074 1255 1233 1291 sperans
1274 1242 1506 1291 Pompeium

184 1316 250 1346 aut
279 1309 534 1358 Dyrrachium
563 1308 745 1358 compelli
769 1315 835 1346 aut
862 1309 911 1346 ab
936 1321 983 1346 eo
1014 1306 1219 1345 intercludi
1250 1320 1375 1357 posse,
1400 1308 1507 1357 quod

185 1387 342 1413 omnem
357 1382 621 1413 commeatum
638 1373 835 1423 totiusque
852 1372 943 1411 belli
956 1380 1184 1422 apparatum
1201 1385 1246 1410 eo
1261 1371 1489 1411 contulisset
1499 1387 1508 1419 3

128 1453 166 1476 20
185 1448 226 1479 ut
245 1441 397 1480 accidit.
459 1441 669 1491 Pompeius
694 1440 799 1479 enim
824 1440 949 1490 primo
970 1439 1151 1489 ignorans
1179 1438 1259 1477 eius
1286 1439 1503 1485 consilium,
1526 1453 1544 1482 4

184 1507 290 1554 quod
329 1506 483 1544 diverso
526 1507 576 1544 ab
615 1519 660 1544 ea
704 1505 861 1555 regione
905 1504 1040 1542 itinere
1079 1504 1296 1553 profectum
1335 1503 1503 1549 videbat,

183 1569 368 1619 angustiis
383 1570 435 1608 rei
451 1569 723 1608 frumentariae
737 1570 985 1618 compulsum
1003 1567 1228 1605 discessisse
1242 1567 1486 1605 existimabat
1500 1582 1506 1609 ;

183 1641 319 1682 postea
356 1648 424 1684 per
462 1635 722 1684 exploratores
761 1633 900 1671 certior
934 1634 1057 1670 factus
1096 1640 1252 1681 postero
1284 1631 1348 1669 die
1383 1640 1505 1670 castra

184 1697 304 1735 movit
330 1698 505 1736 breviore
526 1698 661 1736 itinere
682 1711 723 1735 se
743 1710 944 1735 occurrere
964 1696 998 1734 ei
1020 1709 1134 1745 posse
1155 1709 1322 1745 sperans¹
1384 1697 1504 1744 Quod
1525 1707 1541 1736 5

126 1769 163 1801 25
182 1762 264 1799 fore
284 1762 501 1812 suspicatus
518 1764 662 1802 Caesar
683 1761 902 1811 militesque
922 1761 1149 1799 adhortatus
1167 1767 1208 1798 ut
1227 1772 1355 1809 aequo
1372 1759 1504 1798 animo

182 1826 356 1864 laborem
380 1828 521 1865 ferrent
550 1840 667 1876 parva
690 1834 797 1875 parte
825 1824 950 1863 noctis
980 1823 1115 1862 itinere
1145 1823 1364 1862 intermisso
1390 1837 1504 1862 mane

184 1890 440 1938 Dyrrachium
479 1891 594 1937 venit,
636 1904 725 1929 cum
770 1890 938 1940 primum
983 1902 1123 1938 agmen
1164 1887 1326 1937 Pompei
1369 1889 1502 1937 procul

182 1964 410 2003 cerneretur,
433 1964 550 2006 atque
571 1957 625 1995 ibi
645 1964 769 1995 castra
789 1956 928 2006 posuit.

236 2021 446 2070 Pompeius
481 2021 710 2059 interclusus
742 2021 966 2071 Dyrrachio,
1000 2021 1066 2059 ubi
1098 2019 1341 2071 propositum
1371 2026 1503 2056 tenere
1522 2023 1573 2060 42

125 2091 164 2121 30
183 2097 261 2122 non
282 2086 418 2135 potuit,
441 2087 617 2124 secundo
638 2099 730 2124 usus
751 2086 915 2124 consilio
937 2086 1043 2124 edito
1070 2087 1168 2132 loco,
1194 2084 1260 2134 qui
1286 2085 1503 2133 appellatur

183 2150 295 2187 Petra
324 2150 554 2200 aditumque
586 2151 704 2188 habet
742 2150 905 2188 navibus
945 2149 1183 2189 mediocrem
1222 2156 1340 2198 atque
1378 2160 1442 2185 eas
1479 2161 1501 2184 a

229 2263 241 2282 1
269 2252 401 2291 Byllide
439 2252 647 2293 Stephanus:
697 2253 832 2292 byblide
873 2253 950 2284 LV:
1003 2253 1124 2284 hiblide
1160 2253 1251 2284 U'T:
1302 2252 1424 2282 hiblide
1456 2251 1501 2281 D‘

182 2293 340 2326 Amantia
366 2296 567 2327 Glareanus:
603 2297 772 2327 mantinea
799 2296 837 2325 X
982 2299 1003 2327 6
1026 2296 1296 2336 oppugnatione]
1327 2305 1498 2334 expugna-

182 2337 272 2368 tione
298 2339 324 2368 L
439 2349 473 2370 11
502 2340 733 2370 Macedoniam
757 2339 815 2370 del.
838 2339 1093 2370 Forcldmmmer
1225 2350 1260 2378 13
1287 2338 1380 2379 fecit]
1407 2338 1499 2368 dedit

182 2379 225 2408 D'
355 2383 395 2411 26
419 2392 522 2421 parva
540 2383 651 2423 parte]
670 2393 805 2422 parvam
823 2387 952 2422 partem
970 2383 1209 2413 Hotomamuts
