1705 2729
632 149 867 188 INCERTI
898 148 1179 188 AVCTORIS

244 259 406 309 busque,
422 261 472 298 ad
489 261 698 299 Caesarem
719 259 861 306 venire,
879 267 1104 310 quantaque
1124 259 1239 309 copia
1258 258 1440 297 frumenti
1459 259 1566 309 apud

242 336 284 361 se
311 323 358 361 sit
383 325 529 362 docent
550 324 746 373 simulque
772 332 884 363 orant
904 332 946 362 ut
972 324 1045 361 sibi
1073 323 1309 373 praesidium
1336 323 1463 362 mittat
1487 336 1567 372 quo

205 402 223 431 3
242 387 391 425 facilius
412 396 449 426 et
470 390 709 426 frumentum
731 396 769 426 et
789 388 927 438 copiae
950 402 1043 426 suae
1063 396 1351 426 conserventur.
1411 387 1567 436 Quibus

241 453 386 491 Caesar
401 452 440 490 in
457 453 676 502 praesentia
689 453 829 503 gratias
846 454 922 503 egit
936 453 1253 506 praesidiumque
1269 452 1375 491 brevi
1391 459 1567 505 tempore

241 530 282 555 se
309 516 518 556 missurum
544 517 641 556 dixit
667 520 973 568 cohortatusque
999 519 1050 556 ad
1077 531 1168 555 suos
1197 516 1292 555 civis
1318 516 1426 555 iubet
1453 517 1567 566 profi-

202 596 221 624 4
241 581 345 620 cisci.
395 584 436 620 P.
453 582 586 621 Sittius
607 582 761 621 interim
784 596 874 621 cum
895 582 1018 633 copiis
1033 581 1245 620 Numidiae
1265 581 1353 619 finis
1373 580 1567 631 ingressus

240 647 443 684 castellum
474 646 515 684 in
549 646 694 685 montis
728 648 817 686 loco
851 647 1004 685 munito
1038 648 1222 693 locatum,
1255 645 1295 683 in
1329 646 1437 695 quod
1468 645 1569 683 Iuba

239 710 331 749 belli
363 711 523 760 gerendi
553 711 674 761 gratia
704 719 742 750 et
776 713 1014 750 frumentum
1045 718 1083 749 et
1114 724 1174 749 res
1208 718 1355 749 ceteras
1386 723 1488 759 quae
1516 710 1568 748 ad

238 775 386 813 bellum
411 775 498 814 usui
527 777 655 815 solent
683 789 768 816 esse
798 782 1119 827 comportaverat‚
1151 774 1189 813 vi
1217 775 1481 826 expugnando
1509 781 1568 812 est

238 839 396 889 potitus.

168 908 217 946 37
293 906 437 944 Caesar
469 912 681 956 postquam
716 904 936 955 legionibus
967 905 1158 944 veteranis
1192 905 1358 952 duabus,
1391 903 1568 954 equitatu

238 969 391 1019 levique
411 978 605 1008 armatura
625 969 758 1021 copias
780 984 868 1009 suas
890 985 935 1008 ex
956 971 1132 1009 secundo
1153 977 1377 1011 commeatu
1397 976 1565 1015 auxerat,

238 1034 347 1073 navis
374 1042 601 1073 exoneratas
629 1035 759 1073 statim
787 1035 896 1073 iubet
917 1035 1148 1085 Lilybaeum
1175 1036 1225 1072 ad
1250 1033 1442 1084 reliquum
1466 1047 1569 1072 exer·

237 1099 359 1137 citum
381 1101 727 1150 transportandum
748 1099 943 1150 proficisci
958 1115 968 1148 3
997 1099 1081 1150 ipse
1102 1112 1155 1137 vl.
1174 1100 1262 1137 Kal.
1282 1099 1393 1137 Febr.
1417 1098 1568 1137 circiter

237 1163 366 1213 vigilia
389 1164 514 1214 prima
539 1164 703 1215 imperat
729 1165 993 1214 speculatores
1019 1163 1337 1214 apparitoresque
1363 1176 1501 1201 omnes
1525 1170 1567 1201 ut

201 1245 215 1266 2
237 1228 311 1267 sibi
346 1236 501 1278 praesto
535 1237 675 1268 essent.
736 1231 874 1279 Itaque
906 1228 1090 1268 omnibus
1124 1228 1255 1267 insciis
1289 1241 1418 1278 neque
1447 1226 1567 1278 suspi-

236 1293 417 1332 cantibus
438 1293 567 1344 vigilia
583 1293 694 1332 tertia
715 1293 823 1332 iubet
840 1293 968 1332 omnis
988 1293 1162 1344 legiones
1181 1301 1288 1332 extra
1307 1301 1432 1331 castra
1451 1291 1567 1331 educi

235 1366 354 1408 atque
388 1372 429 1397 se
463 1358 654 1409 consequi
687 1360 737 1397 ad
772 1358 964 1408 oppidum
996 1357 1216 1408 Ruspinam
1245 1371 1389 1404 versus,
1418 1356 1458 1395 in
1487 1370 1567 1407 quo

236 1422 319 1473 ipse
342 1422 581 1472 praesidium
612 1423 749 1461 habuit
778 1430 815 1461 et
842 1424 951 1473 quod
975 1422 1144 1473 primum
1170 1423 1223 1461 ad
1247 1421 1460 1460 amicitiam
1484 1420 1567 1460 eius

199 1487 409 1528 saccessit.
482 1489 583 1527 Inde
616 1490 818 1538 parvulam
857 1487 1141 1538 proclivitatem
1174 1488 1379 1537 degressus
1413 1485 1567 1524 sinistra

197 1559 344 1602 4parte
383 1552 512 1602 campi
550 1560 708 1602 propter
746 1565 851 1590 mare
885 1551 1058 1601 legiones
1096 1551 1214 1590 ducit.
1285 1550 1365 1589 Hic
1402 1563 1566 1600 campus

237 1616 404 1654 mirabili
438 1616 599 1667 planitie
637 1625 744 1667 patet
782 1616 888 1655 milia
926 1630 1113 1667 passuum
1151 1628 1239 1664 >4113
1279 1629 1397 1666 quem
1432 1615 1565 1665 iugum

236 1682 397 1731 cingens
431 1696 455 1720 a
488 1682 583 1720 mari
617 1690 746 1721 ortum
785 1696 914 1732 neque
948 1681 1002 1720 ita
1040 1683 1255 1732 praealtum
1288 1682 1393 1719 velut
1427 1679 1565 1718 theatri

197 1760 214 1790 5
236 1747 353 1786 efficit
382 1747 564 1797 speciem.
625 1749 673 1786 In
703 1749 779 1786 hoc
810 1747 901 1797 iugo
932 1749 1051 1786 colles
1085 1755 1175 1785 sunt
1204 1745 1345 1785 excelsi
1373 1745 1498 1796 pauci,
1524 1745 1564 1783 in

236 1812 379 1862 quibus
404 1812 578 1862 singulae
599 1820 720 1851 turres
741 1813 1002 1862 speculaeque
1023 1812 1197 1862 singulae
1217 1817 1435 1861 perveteres
1455 1818 1564 1849 erant

235 1879 461 1924 collocatae,
488 1891 653 1927 quarum
679 1879 786 1928 apud
810 1877 987 1916 ultimam
1016 1877 1253 1928 praesidium
1283 1883 1321 1916 et
1350 1875 1464 1915 statio
1493 1875 1564 1914 fuit

235 1941 440 1991 Scipionis.

165 2008 215 2054 38
291 2008 385 2044 Post
417 2008 561 2046 Caesar
589 2008 640 2046 ad
671 2007 803 2057 iugum
834 2009 884 2046 de
915 2021 994 2057 quo
1023 2007 1141 2046 docui
1170 2006 1347 2046 ascendit
1376 2014 1494 2056 atque
1523 2006 1563 2044 in

236 2085 561 2122 unumquemque
587 2074 739 2119 collem,
762 2080 905 2111 turrem
933 2074 1169 2122 castellaque
1189 2073 1263 2111 iter
1280 2073 1406 2110 facere
1432 2071 1562 2121 coepit

199 2145 213 2166 2
235 2143 354 2186 atque
380 2150 426 2175 ea
452 2137 581 2176 minus
609 2137 804 2176 semihora
830 2137 967 2176 effecit.
1027 2139 1242 2187 Postquam
1265 2150 1346 2175 non
1370 2136 1423 2174 ita
1447 2138 1562 2186 longe

281 2250 319 2278 13
343 2245 548 2271 exoneratas
572 2240 752 2279 lVoelſjHn:
777 2252 839 2271 sex
856 2241 1029 2271 onerarias
1046 2239 1083 2269 Χ
1172 2250 1209 2278 14
1235 2250 1285 2270 111.
1307 2239 1338 2269 V
1438 2250 1480 2271 20
1503 2239 1561 2270 de-

233 2293 370 2322 gressus
388 2283 562 2324 Kreysszgz
589 2284 764 2323 digressus
781 2283 819 2313 X
925 2295 966 2314 22
991 2294 1039 2314 xn
1058 2284 1137 2314 DT'
1153 2295 1159 2314 :
1183 2294 1230 2314 xv
1246 2283 1286 2312 L‘
1399 2284 1440 2314 28
1467 2283 1560 2314 Post-

233 2337 331 2365 quam
349 2326 389 2355 L'
537 2337 578 2366 29
602 2332 712 2358 turres
731 2329 747 2357 δ
894 2328 957 2358 iter
969 2327 1044 2358 add.
1065 2328 1254 2367 Hoffmann
1271 2326 1417 2366 quiante
1433 2331 1560 2357 turrem

232 2369 366 2400 verbnm
397 2370 612 2409 inspecturus
641 2371 788 2401 excidisse
810 2375 932 2409 putans
955 2376 1054 2409 atque
1084 2381 1125 2400 eo
1150 2371 1182 2401 in
1212 2371 1311 2408 idque
1338 2370 1422 2400 adeo
1452 2372 1562 2400 mutat

233 2423 276 2452 30
299 2424 339 2444 ea
356 2413 415 2443 L':
443 2424 483 2443 co
501 2414 577 2444 ΒΓ
667 2415 778 2445 effecit
796 2414 837 2444 L¹
858 2427 863 2445 :
888 2415 987 2444 efficit
1004 2413 1049 2444 L*
1068 2418 1131 2445 cell.
1225 2412 1336 2444 effecit
1353 2418 1386 2443 et
1404 2411 1444 2442 L'

1589 850 1629 873 10

1589 1173 1626 1206 15

1588 1498 1627 1519 20

1586 1820 1623 1852 25

1585 2143 1624 2173 30
