1705 2729
90 544 107 575 5

71 863 109 885 10

72 1183 109 1216 Ι5

71 1505 109 1527 20

70 2151 108 2182 30

351 165 423 201 DE
456 164 635 202 BELLO
668 164 1029 201 HISPANIENSI
1062 164 1232 200 LIBER

127 281 350 324 coeperunt,
384 280 422 311 et
451 274 552 312 bene
582 286 722 323 magna
750 272 886 322 prioris
916 272 1015 310 muri
1044 280 1151 322 parte
1178 272 1330 311 deiecta
1360 303 1366 310 .

129 339 220 385 Quo
250 339 352 375 facto
377 338 428 375 ab
455 336 672 387 oppidanis,
694 350 740 374 ac
764 336 795 374 si
822 349 978 374 suarum
1005 336 1171 386 partium
1199 344 1338 383 essent,
1361 350 1451 375 con·
1471 354 1488 384 5

127 401 264 440 servati
306 432 312 438 .
356 432 362 439 .
406 432 412 438 .
454 401 591 439 missos
629 402 754 438 facere
792 400 983 447 loricatos,
1025 400 1092 450 qui
1130 400 1297 451 praesidi
1335 414 1452 439 causa

127 465 336 516 praepositi
366 465 514 516 oppido
542 479 565 503 a
592 464 782 515 Pompeio
811 472 950 511 essent,
983 465 1157 503 orabant.
1218 465 1372 514 Quibus
1399 479 1453 505 re—

127 530 286 580 spondit
320 531 464 569 Caesar
494 543 535 567 se
564 528 817 567 condiciones
844 530 950 575 dare,
977 542 1056 566 non
1086 528 1262 578 accipere
1292 542 1452 568 consue-

127 595 237 633 visse.
297 594 377 642 Qui
411 607 501 632 cum
533 593 571 631 in
603 593 793 643 oppidum
826 592 1080 639 revertissent,
1114 595 1234 631 relato
1264 607 1450 643 responso
1471 600 1490 631 6

127 660 296 696 clamore
348 658 502 695 sublato
551 657 659 695 omni
709 670 850 706 genere
892 658 1057 695 telorum
1097 656 1240 695 emisso
1280 670 1452 708 pugnare

126 736 197 773 pro
228 736 340 760 muro
374 730 457 760 toto
491 729 730 771 coeperunt;
764 729 921 771 propter
952 723 1060 771 quod
1091 723 1169 760 fere
1201 735 1341 772 magna
1365 736 1451 772 pars

127 786 333 825 hominum
361 785 427 836 qui
451 785 490 823 in
520 785 653 823 castris
677 785 818 823 nostris
847 793 976 824 essent
1000 799 1080 823 non
1104 785 1332 825 dubitarunt
1356 786 1451 836 quin

127 850 372 900 eruptionem
406 863 454 888 eo
487 849 551 888 die
581 857 710 888 essent
741 849 886 887 facturi.
949 851 1008 887 Ita
1038 863 1182 888 corona
1212 850 1489 893 circumdata7

127 922 343 965 pugnaturn
364 921 421 951 est
441 913 682 963 aliquamdiu
704 913 1057 960 vehementissime,
1081 913 1275 963 simulque
1301 914 1452 953 ballista

128 978 245 1016 missa
277 991 300 1016 a
331 978 471 1016 nostris
503 985 645 1016 turrem
678 977 830 1024 deiecit,
865 991 941 1027 qua
974 978 1283 1016 adversariorum
1315 978 1381 1028 qui
1412 979 1451 1016 in

128 1056 174 1081 ea
200 1050 302 1080 turre
329 1044 479 1080 fuerant
509 1042 683 1092 quinque
707 1041 849 1080 deiecti
874 1049 963 1080 sunt
984 1050 1021 1081 et
1042 1056 1147 1092 puer,
1171 1042 1237 1092 qui
1258 1042 1450 1081 ballistam

129 1107 264 1145 solitus
285 1115 364 1146 erat
384 1108 598 1146 observare.

184 1171 305 1211 †Eius
329 1171 522 1221 praeteriti
543 1171 751 1221 temporisl-
775 1171 985 1221 Pompeius
1007 1179 1110 1209 trans
1131 1173 1278 1210 flumen
1299 1173 1450 1210 Salsum
1471 1181 1513 1218 14

128 1237 331 1275 castellum
355 1235 555 1274 constituit
582 1249 710 1286 neque
733 1249 756 1273 a
779 1235 920 1274 nostris
949 1235 1167 1286 prohibitus
1192 1237 1365 1286 falsaque
1389 1236 1452 1274 illa

127 1300 313 1350 opinione
336 1300 519 1350 gloriatus
544 1308 601 1339 est
625 1302 732 1350 quod
757 1314 878 1351 prope
905 1300 944 1338 in
965 1300 1106 1339 nostris
1127 1301 1300 1350 partibus
1321 1302 1451 1339 locum

127 1365 324 1404 tenuisset.
385 1367 485 1403 Item
520 1365 739 1415 insequenti
771 1365 836 1404 die
867 1366 1005 1404 eadem
1038 1365 1325 1404 consuetudine
1356 1366 1452 1403 dum
1476 1381 1488 1401 ε

127 1429 280 1479 longius
304 1429 560 1479 prosequitur,
583 1443 662 1479 quo
683 1431 771 1467 1000
792 1429 941 1479 equites
963 1429 1083 1467 nostri
1105 1429 1311 1468 stationem
1333 1430 1453 1467 habu-

128 1501 247 1540 erant,
268 1493 417 1543 aliquot
446 1501 596 1532 turmae
625 1507 715 1532 cum
745 1494 818 1532 levi
848 1502 1040 1532 armatura
1065 1494 1213 1544 impetu
1237 1495 1340 1532 facto
1365 1496 1451 1533 loco

128 1566 217 1596 sunt
238 1558 379 1597 deiecti
400 1565 437 1596 et
457 1566 614 1608 propter
639 1558 875 1608 paucitatem
897 1566 1117 1596 nostrorum
1139 1557 1315 1608 equitum
1336 1558 1451 1596 simul

128 1636 218 1660 cum
239 1622 313 1661 levi
333 1630 526 1660 armatura
546 1622 644 1661 inter
664 1630 809 1661 turmas
829 1623 1137 1662 adversariorum
1154 1623 1313 1673 protriti.
1358 1625 1450 1662 Hoc
1473 1632 1490 1661 3

128 1686 167 1724 in
201 1694 415 1737 conspectu
450 1695 703 1737 utrorumque
738 1695 950 1725 castrorum
984 1688 1199 1737 gerebatur,
1233 1695 1270 1726 et
1305 1688 1450 1726 maiore

129 1751 359 1801 Pompeiani
385 1752 630 1790 exsultabant
655 1752 775 1801 gloria
799 1751 951 1801 longius
979 1753 1086 1801 quod
1114 1752 1255 1790 nostris
1282 1752 1451 1791 cedenti-

128 1815 200 1852 bus
228 1815 411 1864 prosequi
440 1814 670 1865 coepissent.
741 1815 820 1863 Qui
852 1829 940 1853 cum
976 1816 1107 1865 aliquo
1139 1818 1227 1854 loco
1258 1830 1280 1854 a
1311 1816 1451 1854 nostris
1471 1825 1490 1855 4

127 1879 270 1929 recepti
300 1887 438 1926 essent,
468 1887 510 1917 ut
539 1887 804 1926 consuessent,
832 1884 900 1919 †ex
932 1880 1071 1920 simili†
1101 1880 1251 1927 virtute,
1283 1882 1452 1919 clamore

126 1944 229 1981 facto
248 1944 411 1982 aversati
431 1952 521 1982 sunt
541 1944 731 1994 proelium
752 1946 887 1983 facere.

181 2009 276 2046 Fere
296 2010 402 2058 apud
423 2009 610 2047 exercitus
631 2010 728 2048 haec
749 2017 807 2048 est
827 2010 1016 2059 equestris
1037 2010 1157 2060 proeli
1179 2012 1425 2049 consuetudo
1443 2026 1449 2049 :
1469 2019 1511 2055 15

127 2087 216 2111 cum
241 2087 360 2123 eques
389 2075 439 2112 ad
468 2074 737 2113 dimicandum
762 2074 924 2112 dimisso
951 2088 1053 2124 equo
1080 2088 1170 2112 cum
1200 2075 1331 2124 pedite
1361 2089 1451 2113 con-

126 2137 307 2186 greditur,
330 2151 579 2188 nequaquam
609 2152 677 2188 par
706 2139 893 2186 babetur,
928 2138 967 2177 id
997 2140 1105 2188 quod
1135 2138 1174 2176 in
1204 2140 1280 2178 hoc
1309 2139 1451 2178 accidit

171 2242 192 2270 6
215 2241 280 2279 Qui
299 2241 355 2271 D:
375 2241 423 2271 Ibi
441 2241 476 2270 T'
493 2253 499 2271 :
518 2241 621 2271 11111,ν
714 2252 749 2280 ¹5
771 2243 936 2282 temporis
950 2242 1145 2282 Pompeius]
1161 2243 1407 2282 tempompeius
1420 2244 1453 2273 D

130 2283 210 2314 Eius
228 2283 291 2314 diei
310 2284 492 2322 praeterito
511 2290 660 2324 tempore
678 2284 854 2325 Nipperdey
985 2295 1026 2324 25
1051 2285 1178 2325 aliquo]
1196 2296 1303 2324 aequo
1324 2286 1453 2326 Lipsius

129 2329 170 2357 26
196 2327 322 2366 recepti
340 2325 396 2357 X:
421 2328 554 2366 excepti
575 2328 745 2367 Glandorp
927 2339 970 2358 cx
987 2328 1102 2368 simili]
1122 2329 1243 2359 eximia
1262 2328 1451 2359 Mommsen

130 2380 171 2408 29
195 2370 331 2401 dimisso
371 2381 457 2409 equo
490 2371 556 2401 secl.
585 2370 761 2412 Nipperdey
936 2382 978 2410 30
996 2375 1072 2411 post
1101 2373 1190 2411 quod
1225 2372 1301 2402 add.
1334 2378 1451 2403 contra

129 2413 318 2453 Hoffmann

173 2478 265 2499 CAES.
288 2478 426 2498 knsPAx.
1324 2472 1362 2501 18
