1705 2729
625 139 668 177 C.
703 139 818 176 IVLI
850 137 1118 177 CAESARIS

211 263 251 288 se
272 250 466 300 proficisci
492 251 543 289 ad
571 251 780 289 Caesarem
808 250 1026 298 simulavit,
1056 252 1156 289 clam
1185 251 1330 290 nuntiis
1350 252 1401 290 ad
1424 252 1537 291 Milo-

211 328 301 353 nem
323 315 460 362 missis,
484 315 548 365 qui
573 315 717 354 Clodio
738 315 942 353 interfecto
967 329 1014 354 eo
1036 316 1197 354 nomine
1213 324 1293 354 erat
1313 317 1534 364 damnatus,

209 387 328 429 atque
348 394 395 418 eo
416 380 455 418 in
485 380 640 418 Italiam
667 387 842 427 evocato,
866 381 974 430 quod
1005 380 1155 430 magnis
1182 381 1410 420 muneribus
1435 381 1536 420 datis

209 444 462 493 gladiatoriae
487 444 656 483 familiae
684 444 865 494 reliquias
886 445 1068 491 habebat,
1092 444 1165 482 sibi
1196 444 1397 483 coniunxit
1417 453 1536 495 atque

172 525 188 555 5
209 522 300 546 eum
321 509 360 546 in
381 509 603 547 Thurinum
623 510 674 547 ad
695 508 962 547 sollicitandos
982 516 1155 558 pastores
1176 509 1384 558 praemisit.
1445 511 1536 559 Ipse

209 587 300 611 cum
321 573 538 612 Casilinum
560 574 728 612 venisset
749 587 908 623 unoque
929 581 1105 622 ternpore
1126 573 1235 623 signa
1255 573 1337 612 eius
1358 573 1536 612 militaria

208 646 327 687 atque
346 651 453 676 arma
474 640 635 688 Capuae
665 646 794 677 essent
825 640 1109 688 comprehensa
1135 647 1173 677 et
1200 638 1346 677 familia
1367 639 1535 689 Neapoli

208 703 289 741 visa
316 716 416 753 quae
440 703 705 753 proditionem
734 703 869 753 oppidi
894 711 1106 753 appararet,
1130 703 1333 753 patefactis
1363 703 1535 742 consiliis

209 770 387 807 exclusus
416 770 554 818 Capua
580 776 618 807 et
645 768 862 819 periculum
883 768 1038 814 veritus,
1062 769 1169 817 quod
1191 775 1408 806 conventus
1428 781 1536 806 arma

208 841 364 883 ceperat
401 841 520 883 atque
568 847 658 872 eum
701 833 823 871 hostis
868 835 957 871 loco
1004 833 1233 871 habendum
1277 832 1533 880 existimabat,

208 897 373 936 consilio
393 897 541 936 destitit
560 905 678 948 atque
699 911 747 936 eo
768 897 904 936 itinere
925 910 1009 936 sese
1029 896 1175 935 avertit.

111 978 189 1013 =22
264 962 427 1000 Interim
468 962 577 1009 Milo,
613 962 783 1000 dimissis
822 962 969 1000 circum
1009 961 1222 1011 municipia
1256 961 1391 1000 litteris
1425 975 1461 1001 se
1490 975 1536 1001 ea

208 1040 309 1077 quae
352 1029 495 1066 faceret
534 1027 641 1066 iussu
684 1035 802 1077 atque
842 1026 1007 1077 imperio
1046 1028 1173 1065 facere
1218 1027 1394 1077 Pompei,
1435 1041 1536 1077 quae

209 1093 393 1130 mandata
422 1093 473 1130 ad
503 1106 544 1130 se
573 1105 641 1142 per
670 1092 888 1130 Vibullium
918 1093 1047 1130 delata
1077 1099 1218 1138 essent,
1241 1105 1340 1142 quos
1371 1105 1417 1130 ex
1445 1106 1534 1130 aere

171 1172 186 1193 2
207 1156 336 1194 alieno
366 1156 541 1194 laborare
570 1156 827 1195 arbitrabatur
860 1155 1102 1194 sollicitabat.
1163 1157 1283 1205 Apud
1313 1169 1412 1206 quos
1441 1170 1531 1195 cum
1575 1172 1589 1202 ,-

208 1222 395 1271 proficere
425 1221 521 1259 nihil
548 1228 691 1271 posset,
723 1221 960 1271 quibusdam
991 1220 1126 1259 solutis
1157 1221 1356 1270 ergastulis
1387 1222 1533 1260 Cosam

207 1286 247 1324 in
277 1299 369 1337 agro
394 1286 572 1324 Thurino
612 1300 838 1337 oppugnare
870 1286 1009 1336 coepit.
1071 1288 1131 1324 Eo
1166 1299 1256 1324 cum
1285 1299 1307 1324 a
1338 1287 1386 1335 Q.
1411 1286 1534 1324 Pedio

207 1360 385 1402 praetore
411 1365 501 1390 cum
524 1351 678 1402 legione
708 1383 714 1390 .
748 1384 754 1390 .
789 1384 795 1389 .
830 1384 836 1389 .
869 1383 876 1398 ,
909 1351 1039 1401 lapide
1066 1351 1165 1389 ictus
1196 1365 1242 1390 ex
1277 1365 1388 1390 muro
1409 1350 1531 1401 periit.

171 1426 188 1457 3
209 1418 259 1455 Et
289 1416 445 1456 Caelius
475 1418 683 1467 profectus,
716 1424 757 1455 ut
787 1416 1002 1463 dictitabat,
1033 1417 1084 1455 ad
1120 1417 1328 1455 Caesarem
1360 1415 1535 1466 pervenit

206 1482 386 1520 Thurios
465 1482 547 1521 Ubi
590 1495 680 1520 cum
723 1483 916 1532 quosdam
959 1481 1041 1520 eius
1081 1481 1269 1531 municipi
1311 1480 1535 1519 sollicitaret

206 1547 483 1597 equitibusque
505 1547 682 1586 Caesaris
704 1547 825 1585 Gallis
846 1554 964 1596 atque
987 1546 1188 1596 Hispanis,
1211 1546 1277 1596 qui
1298 1559 1346 1584 eo
1366 1545 1534 1596 praesidi

207 1626 325 1651 causa
356 1612 460 1651 missi
495 1620 612 1659 erant,
645 1613 853 1662 pecuniam
880 1612 1138 1662 polliceretur,
1166 1612 1217 1650 ab
1247 1611 1306 1649 his
1336 1618 1394 1649 est
1423 1611 1535 1649 inter-

171 1679 343 1722 4fectus
423 1679 483 1716 Ita
521 1691 751 1727 magnarum
790 1677 899 1715 initia
946 1690 1085 1724 rerum,
1126 1689 1227 1726 quae
1274 1675 1535 1726 occupatione

208 1742 503 1791 magistratuum
543 1749 580 1780 et
618 1750 842 1792 temporum
881 1742 1087 1780 sollicitam
1128 1741 1282 1780 Italiam
1320 1741 1532 1788 habebant,

208 1808 375 1845 celerem
405 1814 443 1845 et
472 1806 626 1845 facilem
656 1807 801 1845 exitum
831 1807 1063 1845 habuerunt.

140 1880 191 1917 23
265 1871 366 1909 Libo
386 1873 582 1921 profectus
602 1872 654 1910 ab
674 1872 793 1911 Orico
818 1885 907 1910 cum
934 1874 1057 1910 classe
1080 1872 1144 1910 cui
1173 1879 1348 1922 praeerat
1375 1870 1533 1910 navium

210 1947 233 1973 L
287 1937 538 1974 Brundisium
586 1936 692 1974 venit
749 1936 996 1986 insulamque
1039 1950 1139 1986 quae
1193 1944 1329 1975 contra
1376 1943 1532 1986 portum

208 2000 488 2038 Brundisinum
530 2008 587 2038 est
628 2001 846 2050 occupavit,
890 2002 997 2051 quod
1041 2008 1235 2050 praestare
1275 2001 1533 2039 arbitrabatur

206 2078 328 2102 unum
358 2066 500 2111 locum,
533 2078 611 2115 qua
641 2065 881 2103 necessarius
913 2064 1053 2103 nostris
1083 2072 1163 2103 erat
1193 2078 1380 2114 egressuS,
1413 2078 1531 2114 quam

248 2179 267 2198 2
291 2179 331 2199 eo
356 2168 517 2209 Scaltjger:
553 2171 627 2200 eius
650 2168 688 2199 X
853 2171 872 2200 8
896 2170 968 2201 visa
991 2172 1034 2204 B:
1068 2170 1141 2200 visu
1165 2169 1200 2199 D
1356 2180 1442 2209 quae
1466 2169 1530 2202 D‘:

205 2223 235 2251 q.
254 2214 276 2245 β
431 2213 655 2251 proditionem
673 2213 822 2245 Kraner:
850 2213 1041 2253 proditione
1057 2212 1095 2242 X
1201 2219 1381 2252 appararet
1398 2213 1431 2243 F.
1446 2212 1531 2252 Hos-

205 2266 332 2285 mann:
372 2261 554 2294 appareret
586 2255 697 2288 D'L'2:
739 2267 904 2296 apparere
932 2259 954 2291 β
1091 2266 1129 2286 12
1153 2267 1189 2286 se
1217 2256 1291 2288 add.
1326 2256 1536 2287 Kellerbauer

210 2300 246 2328 16
270 2298 391 2328 Cosam
408 2298 460 2329 X:
485 2300 664 2338 Compsam
682 2299 803 2330 Davics
902 2310 938 2339 17
964 2301 1099 2330 thurino
1119 2298 1168 2331 X:
1196 2299 1342 2339 Hirpino
1363 2299 1532 2340 Glandorp

210 2342 245 2371 18
264 2346 340 2381 post
354 2343 488 2380 legione
506 2342 579 2373 add.
598 2344 817 2382 impediretur
834 2343 1006 2374 Buecheler
1106 2354 1144 2373 21
1172 2344 1317 2382 praesidi
1335 2342 1529 2374 Manutius:

206 2386 389 2423 praedandi
408 2385 444 2415 X
574 2397 613 2425 24
640 2387 845 2427 temporum]
866 2387 1079 2426 imperiorum
1098 2386 1189 2417 Paul

1559 843 1595 866 10

1556 1493 1595 1515 20
