1705 2729
600 127 835 167 INCERTI
866 127 1146 167 AVCTORIS

211 251 301 276 eum
341 237 488 276 idcirco
519 238 698 276 existimo
732 239 934 289 recepisse,
971 247 1013 277 ut
1049 239 1239 277 maritima
1272 240 1419 290 oppida
1447 250 1536 290 post

210 316 250 340 se
280 316 329 341 ne
358 316 481 341 vacua
518 303 753 353 relinqueret
791 303 1065 354 praesidioque
1104 305 1254 342 firmata
1290 306 1342 343 ad
1379 305 1534 344 classim

209 369 454 417 receptacula
483 367 660 406 muniret.

144 440 189 468 10
263 433 402 481 Itaque
431 432 485 470 ibi
514 432 649 470 relicto
680 434 719 470 P.
753 434 926 480 Saserna,
950 435 1062 471 fratre
1091 433 1174 471 eius
1203 446 1321 483 quern
1352 433 1465 484 Lepti
1494 433 1534 471 in

208 496 385 546 proximo
414 496 563 546 oppido
593 496 810 546 reliquerat,
842 511 932 536 cum
962 497 1125 547 legione,
1162 497 1270 536 iubet
1298 498 1533 548 comportari

207 560 310 610 ligna
339 560 379 598 in
409 560 601 610 oppidum
631 574 750 611 quam
774 561 967 611 plurima,
998 561 1080 611 ipse
1101 575 1191 600 cum
1212 562 1439 600 cohortibus
1461 575 1530 609 vu,

206 638 307 674 quae
345 639 392 663 ex
428 625 619 664 veteranis
658 625 876 676 legionibus
915 626 955 663 in
993 627 1117 664 classe
1155 640 1245 665 cum
1284 626 1457 677 Sulpicio
1495 634 1533 665 et

206 689 366 727 Vatinio
387 703 467 728 rem
488 698 696 739 gesserant,
726 704 772 728 ex
801 690 950 740 oppido
973 690 1151 740 Ruspina
1177 704 1352 740 egressus
1383 690 1533 740 profici-

205 754 324 792 scitur
349 756 399 793 ad
426 762 594 804 portum,
618 755 685 805 qui
711 755 822 793 abest
851 756 902 793 ab
926 755 1074 805 oppido
1105 755 1210 794 milia
1231 769 1417 806 passuum
1437 756 1529 802 duo,

204 818 338 868 ibique
377 821 541 857 classem
580 820 654 858 sub
692 833 897 869 vesperum
936 833 1026 857 curn
1057 833 1103 858 ea
1135 819 1250 869 copia
1287 819 1528 858 conscendit.

170 899 183 920 2
205 884 401 922 Omnibus
442 884 482 921 in
521 884 690 922 exercitu
728 884 859 923 insciis
898 892 936 922 et
974 885 1259 934 requirentibus
1288 883 1530 934 imperatoris

168 961 185 992 3
204 948 421 995 consilium,
441 962 584 998 magno
605 956 712 987 metu
732 962 777 987 ac
798 948 1031 987 tristimonia
1050 949 1367 988 sollicitabantur.
1410 951 1531 987 Parva

204 1012 308 1050 enim
339 1026 429 1051 cum
461 1013 575 1063 copia
604 1021 641 1051 et
671 1026 716 1051 ea
750 1013 932 1060 tironum,
968 1027 1097 1063 neque
1128 1014 1237 1051 omni
1268 1014 1453 1064 exposita,
1490 1013 1530 1051 in

203 1076 335 1115 Africa
363 1085 499 1116 contra
528 1091 688 1127 magnas
718 1077 850 1127 copias
880 1085 917 1116 et
947 1077 1157 1116 insidiosae
1186 1077 1355 1116 nationis
1384 1078 1530 1128 equita-

202 1140 400 1194 tum[que]
423 1142 750 1180 innumerabilem
780 1155 822 1181 se
851 1142 1047 1192 expositos
1068 1142 1254 1181 videbant
1274 1155 1403 1192 neque
1423 1142 1529 1192 quic-

202 1219 320 1256 quam
351 1206 463 1245 solati
492 1206 532 1244 in
560 1206 779 1257 praesentia
807 1219 936 1256 neque
964 1205 1080 1244 auxili
1109 1206 1149 1243 in
1178 1219 1337 1245 suorum
1364 1206 1528 1245 consilio

201 1273 377 1311 animum
397 1273 664 1319 advertebant,
687 1272 760 1311 nisi
781 1273 821 1310 in
842 1273 962 1323 ipsius
986 1272 1227 1322 imperatoris
1256 1274 1375 1320 vultu,
1399 1273 1529 1323 vigore

202 1337 448 1387 mirabilique
468 1337 659 1376 hilaritate
676 1352 686 1385 3
715 1337 890 1375 animum
911 1337 1016 1375 enim
1036 1338 1158 1374 altum
1179 1344 1216 1375 et
1237 1344 1409 1375 erectum
1436 1350 1528 1387 prae

163 1420 182 1449 4
202 1416 243 1441 se
262 1403 430 1453 gerebat.
492 1402 600 1441 Huic
620 1402 930 1452 adquiescebant
950 1401 1130 1441 homines
1151 1409 1189 1440 et
1209 1401 1248 1439 in
1265 1401 1347 1440 eius
1364 1401 1528 1441 scientia

202 1475 240 1506 et
261 1467 425 1506 consilio
446 1467 578 1506 omnia
599 1466 672 1506 sibi
692 1467 878 1517 proclivia
898 1480 1035 1505 omnes
1055 1468 1136 1505 fore
1157 1467 1376 1516 sperabant.

148 1550 185 1577 11
258 1539 402 1578 Caesar
417 1551 495 1576 una
515 1546 632 1576 nocte
652 1538 692 1576 in
709 1538 873 1576 navibus
894 1545 1130 1587 consumpta
1150 1537 1227 1575 iam
1244 1539 1354 1576 caelo
1369 1538 1528 1576 albente

202 1616 292 1642 cum
314 1602 508 1652 proficisci
529 1610 746 1649 conaretur,
762 1602 893 1641 subito
914 1602 1071 1640 navium
1094 1615 1181 1652 pars
1202 1603 1252 1641 de
1266 1615 1344 1652 qua
1364 1602 1527 1640 timebat

165 1684 179 1704 2
201 1682 247 1707 ex
286 1681 413 1706 errore
452 1669 593 1706 eodem
634 1668 916 1706 conferebatur.
979 1669 1070 1705 Hac
1108 1681 1149 1705 re
1187 1667 1344 1716 cognita
1383 1668 1528 1706 Caesar

199 1733 376 1772 celeriter
405 1734 455 1772 de
485 1732 649 1771 navibus
681 1732 847 1782 imperat
877 1732 1005 1771 omnis
1038 1731 1169 1782 egredi
1198 1739 1317 1782 atque
1346 1731 1386 1769 in
1414 1731 1527 1770 litore

163 1804 367 1845 garmatos
407 1796 576 1847 reliquos
615 1796 860 1836 advenientis
901 1796 1042 1835 milites
1077 1803 1311 1847 exspectare.
1385 1797 1527 1846 Itaque

199 1862 282 1901 sine
309 1875 417 1900 mora
444 1861 608 1899 navibus
636 1861 691 1900 eis
718 1861 757 1899 in
786 1869 942 1911 portum
972 1861 1136 1911 receptis
1164 1869 1202 1899 et
1228 1859 1403 1899 advectis
1430 1859 1526 1897 mili-

198 1934 281 1965 tum
303 1927 560 1976 equitumque
580 1925 703 1976 copiis
726 1940 855 1965 rursus
882 1927 933 1965 ad
961 1926 1152 1976 oppidum
1175 1925 1396 1976 Ruspinam
1425 1924 1525 1963 redit

198 1999 317 2042 atque
333 1991 385 2030 ibi
403 1991 536 2030 castris
550 1991 772 2030 constitutis
787 1991 869 2041 ipse
883 2004 973 2029 cum
987 1990 1215 2029 cohortibus
1230 1988 1421 2040 expeditis
1434 2000 1524 2026 xxx

160 2071 179 2102 4
200 2058 479 2094 frumentatum
511 2062 569 2094 est
598 2057 806 2105 profectus.
868 2057 926 2093 Ex
953 2068 1000 2093 eo
1030 2062 1087 2093 est
1117 2054 1317 2104 cognitum
1346 2052 1524 2093 Caesaris

245 2170 258 2190 1
278 2163 396 2200 sepost
408 2160 578 2198 recepisse
590 2158 664 2189 add.
680 2158 805 2189 Gemoll
891 2162 926 2187 ut
939 2156 1015 2187 D'L
1025 2157 1080 2188 T':
1098 2167 1140 2187 ne
1157 2157 1191 2188 U
1278 2167 1297 2186 2
1316 2167 1358 2186 ne
1370 2166 1435 2187 om.
1445 2155 1522 2186 EU'

197 2203 254 2243 ad]
281 2214 319 2234 ae
342 2203 374 2233 E
533 2202 666 2233 classim
698 2202 744 2232 T:
779 2201 874 2232 classi
902 2200 990 2231 DU:
1026 2201 1144 2232 classis
1176 2199 1285 2230 ELF:
1323 2200 1464 2230 classem
1497 2198 1529 2228 V

196 2258 216 2287 4
242 2248 339 2286 Lepti
354 2247 387 2277 in
399 2245 585 2277 Schneider:
612 2245 792 2285 LeptimX
881 2255 919 2274 12
943 2244 1148 2275 tristimonia
1164 2243 1275 2274 D'T‘:
1302 2242 1442 2273 tristicia
1462 2242 1521 2272 IJ':

197 2291 283 2321 tristi
301 2289 330 2319 L
503 2299 540 2328 15
564 2299 630 2328 que
646 2289 713 2320 secl.
734 2287 876 2318 Moelken
1062 2288 1101 2317 16
1125 2287 1235 2317 solatii
1252 2291 1293 2316 λε
1319 2285 1471 2317 solatium
1489 2283 1527 2314 X

197 2334 311 2364 auxilii
328 2338 348 2363 λ
365 2344 371 2364 :
395 2333 555 2363 auxilium
573 2331 610 2361 X
695 2341 733 2361 21
760 2331 954 2362 albescente
972 2329 1039 2360 EV
1122 2331 1164 2360 26
1179 2330 1332 2361 adauctis
1349 2327 1526 2360 Schneider

197 2387 239 2416 29
262 2377 418 2408 Caesaris
435 2378 457 2410 β
474 2388 480 2406 :
505 2376 595 2414 regis
610 2373 656 2404 D'

1553 507 1570 538 5

1555 835 1592 856 10

1549 1156 1586 1187 15

1548 1484 1588 1506 20

1548 1805 1584 1837 25
