1705 2729
611 145 847 183 INCERTI
878 146 1161 185 AVCTORIS

218 254 468 303 processisset
498 269 587 293 cum
618 255 752 305 copiis,
785 256 937 306 signum
967 271 989 295 a
1021 257 1216 296 Lusitanis
1245 258 1400 307 tollitur,
1431 273 1548 299 naves

217 318 490 366 incenduntur,
524 320 718 370 simulque
748 320 813 370 qui
844 335 889 359 ex
919 323 1078 360 castello
1107 323 1157 361 ad
1192 336 1362 373 pugnam
1397 337 1548 374 proces-

217 391 345 422 serant
379 385 521 423 eodem
553 384 675 434 signo,
708 384 887 435 fugientis
926 388 1095 425 latrones
1124 387 1220 426 dum
1250 397 1545 439 persequuntur,

177 455 238 486 6a
277 455 384 498 tergo
423 448 587 488 insidiae
621 451 791 488 clamore
830 451 984 488 sublato
1023 450 1343 491 circumveniunt.
1406 453 1547 492 Didius

217 526 357 562 magna
378 526 468 551 cum
490 513 629 552 virtute
650 527 739 552 cum
765 515 1033 565 compluribus
1061 515 1312 563 interficitur;
1350 530 1430 556 non
1451 517 1547 556 nulli
1567 527 1584 559 5

215 590 261 614 ea
292 590 423 627 pugna
454 580 629 628 scaphas,
664 592 764 628 quae
798 581 847 617 ad
888 579 977 617 litus
1012 581 1172 627 fuerant,
1210 590 1416 632 occupant,
1453 582 1547 621 item

215 644 436 692 complures
457 644 590 682 nando
611 645 661 682 ad
683 644 802 690 navis,
821 657 921 693 quae
942 644 981 681 in
1003 646 1084 683 salo
1104 646 1269 692 fuerunt,
1286 659 1326 684 se
1343 645 1545 696 recipiunt,

214 706 367 745 ancoris
398 707 559 746 sublatis
590 710 748 758 pelagus
779 709 894 747 remis
924 717 1054 759 petere
1084 717 1324 760 coeperunt3
1362 724 1463 760 quae
1488 725 1546 750 res

180 782 349 815 7eorum
393 771 493 810 vitae
539 771 609 810 fuit
655 772 841 811 subsidio.
920 773 1094 811 Lusitani
1142 775 1287 824 praeda
1331 775 1542 825 potiuntur.

216 836 360 874 Caesar
390 836 569 875 Gadibus
599 851 727 875 rursus
757 839 807 876 ad
839 837 1035 888 Hispalim
1066 839 1233 878 recurrit.
1568 862 1607 885 10

150 913 195 950 41
270 901 413 939 Fabius
455 901 663 949 Maximus,
696 917 813 953 quem
844 904 894 941 ad
931 904 1126 941 Mundam
1158 904 1392 954 praesidium
1425 919 1545 957 oppu-

104 956 109 960 ¹
212 967 415 1016 gnandum
447 967 665 1017 reliquerat,
702 967 885 1018 operibus
910 968 1076 1006 assiduis
1100 970 1254 1008 diurnis
1277 970 1545 1021 nocturnisque

213 1029 358 1068 circum
380 1035 489 1072 †sese
518 1031 716 1070 interclusi
745 1032 844 1071 inter
873 1046 914 1071 se
943 1034 1153 1072 decernere
1184 1064 1189 1071 .
1224 1064 1229 1071 .
1263 1065 1270 1072 .
1303 1035 1404 1073 facta
1424 1036 1545 1075 caede

177 1112 189 1133 2
213 1095 314 1134 bene
344 1110 485 1146 magna
517 1128 523 1134 .
557 1128 563 1134 .
594 1129 600 1135 .
633 1097 813 1137 faciuntl‘.
874 1098 1006 1136 Nostri
1036 1099 1086 1136 ad
1116 1098 1307 1148 oppidum
1332 1099 1545 1150 reciperan-

213 1162 308 1199 dum
338 1162 588 1201 occasionem
618 1176 698 1201 non
728 1163 1038 1213 praetermittunt
1073 1171 1110 1202 et
1140 1163 1309 1214 reliquos
1338 1164 1446 1203 vivos
1484 1179 1543 1204 ca·
1565 1179 1602 1210 15

177 1236 194 1267 3
213 1224 335 1275 pium,
360 1238 453 1264 xiiii
478 1226 592 1265 milia.
627 1229 848 1267 Ursaonem
870 1228 1192 1278 proficiscuntur3
1222 1230 1330 1278 quod
1350 1229 1542 1280 oppidum

213 1303 353 1339 magna
374 1291 592 1330 munitione
613 1292 896 1339 continebatur,
921 1293 975 1330 sic
1005 1301 1046 1330 ut
1073 1293 1155 1343 ipse
1184 1294 1293 1331 locus
1314 1307 1394 1332 non
1415 1295 1542 1332 solum

212 1368 328 1404 opere
359 1357 427 1394 sed
458 1356 574 1395 etiam
605 1364 741 1395 natura
771 1357 945 1397 †aditus†
967 1359 1017 1396 ad
1047 1359 1357 1408 oppugnandum
1388 1359 1541 1397 hostem

173 1430 192 1459 4
212 1423 468 1469 >tappeteret†.
531 1423 623 1460 Huc
643 1423 858 1461 accedebat
885 1430 926 1460 ut
952 1436 1054 1472 aqua
1081 1431 1230 1472 praeter
1257 1437 1375 1473 quam
1396 1423 1435 1461 in
1456 1423 1542 1474 ipso

211 1484 359 1534 oppido
381 1499 498 1523 unam
521 1486 772 1526 circumcirca
793 1501 985 1537 nusquam
1008 1487 1236 1537 reperiretur
1257 1488 1415 1539 propius
1437 1488 1543 1527 milia
1563 1503 1602 1525 20

210 1563 396 1599 passuum
425 1563 526 1599 V1¹13
561 1565 660 1601 quae
691 1566 749 1590 res
780 1566 922 1603 magno
952 1560 1031 1591 erat
1061 1552 1290 1592 adiumento
1320 1553 1538 1604 oppidanis.

171 1622 187 1653 5
210 1617 314 1653 Tum
354 1623 551 1665 praeterea
588 1618 802 1656 accedebat
842 1625 882 1655 ut
920 1631 1099 1668 aggerem
1136 1649 1141 1654 .
1175 1650 1181 1656 .
1216 1649 1236 1665 .,
1270 1618 1540 1668 materiesque,

209 1681 315 1718 unde
345 1680 447 1718 soliti
477 1689 567 1719 sunt
597 1682 708 1719 turris
736 1682 843 1732 'tagi†
871 1682 1030 1733 propius
1061 1682 1168 1720 milia
1191 1696 1376 1733 passuum
1398 1695 1437 1721 V1
1460 1697 1540 1722 non

208 1745 495 1795 reperiebatur:
531 1748 628 1787 >thac
659 1747 870 1797 Pompeius
902 1749 952 1786 ad
983 1748 1173 1798 oppidum
1204 1748 1539 1798 oppugnationem

249 1860 267 1879 2
293 1860 335 1880 ex
352 1850 494 1881 castello
512 1851 577 1881 cod.
597 1851 739 1891 Norvia,
764 1853 974 1884 Vascosanns
991 1865 997 1884 ε
1021 1854 1054 1884 in
1073 1853 1209 1884 castello
1226 1852 1264 1882 X
1387 1856 1407 1885 8
1431 1854 1503 1885 inde
1518 1866 1539 1885 ιι

204 1903 290 1931 quae
308 1903 362 1923 res
381 1904 487 1924 manu
500 1895 636 1934 anu'qzta
653 1897 845 1927 scribiturF
936 1908 973 1927 12
997 1897 1125 1928 diurnis
1143 1898 1386 1937 nocturnisque
1399 1898 1538 1930 Dinter:

206 1936 311 1966 ini-nis
322 1936 405 1967 DF:
433 1937 539 1968 lurnis
555 1938 601 1969 T:
625 1944 658 1969 et
671 1940 800 1971 diurnis
816 1940 862 1970 V:
889 1940 1004 1971 hostes
1016 1941 1050 1971 U
1138 1951 1176 1980 13
1201 1941 1323 1971 circum
1336 1951 1411 1972 sese
1424 1941 1536 1973 DFU:

204 1980 326 2010 circum
347 1990 383 2011 se
407 1981 461 2011 T‘:
497 1982 713 2014 circumsedit
739 1984 897 2015 Fleisclzer
987 1984 1047 2014 alii
1068 1985 1241 2015 interclusi
1265 1984 1325 2015 aliz·
1346 1984 1537 2016 interclusis

203 2023 236 2052 in
262 2023 351 2054 codd.
379 2025 535 2064 scriptum
567 2026 746 2066 opinantur
834 2027 1059 2059 circumclusit
1086 2028 1274 2068 Hffmmn
1302 2029 1360 2068 qut'
1378 2032 1454 2069 post
1480 2029 1536 2059 de-

204 2076 344 2096 cernere
362 2068 439 2099 add.
464 2069 565 2099 armis
592 2076 779 2110 coeperunt
914 2081 952 2110 14
978 2074 1052 2102 aule
1074 2071 1199 2102 faciunt
1223 2071 1300 2102 add.
1324 2073 1536 2111 eruptionem

204 2109 291 2140 codd.
315 2121 396 2150 recen,
418 2111 487 2143 edd.
588 2123 624 2152 15
642 2115 734 2145 vivos
752 2115 794 2145 T:
813 2115 904 2145 viros
921 2118 983 2145 cett.
1065 2116 1103 2145 16
1122 2115 1290 2145 Ursonem
1307 2114 1342 2144 D
1412 2117 1450 2146 18
1467 2116 1537 2146 adi-

204 2157 258 2183 tus
274 2151 330 2183 X:
354 2155 451 2185 datus
472 2156 661 2197 Hoffiarzann
678 2170 684 2188 :
709 2159 820 2189 editus
837 2157 998 2199 Scalzger:
1024 2159 1173 2189 munitus
1189 2158 1345 2189 Flaischer
1416 2169 1455 2198 19
1478 2170 1535 2199 ap-

204 2202 335 2235 peteret
351 2197 497 2230 DFTU:
530 2206 709 2240 appareret
730 2201 766 2235 V.
787 2202 978 2242 Hoffmann
993 2214 998 2233 :
1025 2202 1218 2232 abverteret
1233 2201 1381 2242 Scaliger
1483 2213 1535 2233 ac-

204 2241 345 2271 cedebat
362 2242 426 2272 cod.
450 2243 559 2276 Petav.
577 2257 583 2274 z
609 2246 785 2275 accederet
802 2244 839 2274 X
962 2257 1003 2276 20
1027 2256 1126 2276 unam
1144 2245 1190 2276 F:
1215 2255 1292 2276 nam
1309 2249 1373 2276 cett.
1494 2257 1535 2276 22

204 2284 376 2315 accidebat
399 2286 428 2315 T
511 2292 584 2327 post
600 2299 758 2327 aggerem
777 2289 932 2319 lacunam
952 2293 1015 2319 nol.
1036 2289 1218 2329 Nipperdey
1350 2299 1391 2327 23
1408 2289 1478 2330 agi]
1497 2300 1534 2320 ac

204 2328 319 2358 vineas
335 2330 448 2360 facere
462 2331 595 2361 Kmner
682 2343 721 2369 24
742 2333 803 2362 hac
815 2331 866 2362 X:
885 2343 922 2362 ac
938 2332 975 2366 U,
991 2332 1190 2372 Hoffmann,
1205 2333 1344 2373 qut'posl
1356 2332 1534 2372 Pompeius

203 2371 279 2403 add.
303 2376 337 2402 ut
356 2384 402 2410 se,
425 2378 452 2403 ct
468 2375 626 2413 oppidum
646 2376 679 2405 ίιι
698 2376 812 2414 oppidi
832 2379 940 2405 mutat
