1705 2729
369 152 444 188 DE
474 151 654 189 BELLO
683 151 1097 189 ALEXANDRINO
1128 153 1297 189 LIBER

174 259 364 310 Pompeio
397 273 476 298 non
511 259 715 298 misissent.
775 262 879 299 Nam
914 274 954 299 se
988 274 1116 311 neque
1151 262 1333 300 libentius
1368 264 1493 301 facere
1515 274 1532 304 3

172 325 382 374 quicquam
403 337 519 373 quam
550 323 790 373 supplicibus
820 324 1020 374 ignoscere
1049 339 1177 375 neque
1206 326 1492 376 provinciarum

171 388 347 439 publicas
376 388 533 426 iniurias
562 389 787 427 condonare
814 389 868 427 eis
895 403 1010 439 posse
1036 390 1103 439 qui
1130 388 1236 443 [non]
1262 391 1424 429 fuissent
1454 391 1493 428 in

171 466 212 491 se
232 452 404 490 officiosi.
464 452 571 500 Quin
599 452 639 491 id
665 452 794 502 ipsum
815 454 923 503 quod
950 462 1303 493 commemorarent
1323 455 1494 493 officium
1515 463 1534 491 4

135 528 152 559 5
171 516 288 555 fuisse
317 516 448 554 utilius
479 516 679 564 Pharnaci,
702 517 769 566 qui
796 517 1027 567 providisset
1054 532 1103 556 ne
1124 519 1351 566 vinceretur,
1374 533 1492 568 quam

171 580 254 627 sibi,
291 580 353 619 cui
392 580 431 618 di
471 580 707 619 immortales
741 580 941 620 victoriam
976 582 1211 621 tribuissent.
1285 585 1424 632 Itaque
1453 597 1493 622 se
1517 591 1533 622 5

171 658 329 694 magnas
351 652 388 683 et
407 645 531 694 gravis
551 644 708 683 iniurias
728 645 872 683 civium
898 648 1169 685 Romanorum
1199 647 1265 696 qui
1295 647 1335 684 in
1366 649 1493 686 Ponto

171 709 355 759 negotiati
376 717 515 756 essent,
538 710 725 759 quoniam
746 710 785 748 in
806 711 998 760 integrum
1019 711 1219 750 restituere
1248 725 1328 750 non
1349 720 1491 762 posset,

171 775 386 812 concedere
408 773 608 812 Pharnaci.
667 776 771 812 Nam
792 788 920 824 neque
941 775 1151 813 interfectis
1171 776 1354 813 amissam
1374 776 1493 813 vitam
1515 782 1533 811 6

115 850 152 872 10
171 851 298 887 neque
332 838 494 876 exsectis
528 838 747 877 virilitatem
781 839 980 878 restituere
1013 853 1152 889 posse,
1195 841 1302 889 quod
1333 840 1492 890 quidem

170 901 404 951 supplicium
430 902 582 952 gravius
612 911 735 941 morte
764 903 867 942 cives
898 904 1070 942 Romani
1099 904 1305 943 subissent.
1365 906 1529 946 Ponto7

169 980 260 1004 vero
273 968 480 1005 decederet
494 967 697 1006 confestim
713 968 955 1018 familiasque
968 969 1267 1018 publicanorum
1283 968 1493 1007 remitteret

170 1039 376 1081 ceteraque
396 1032 612 1071 restitueret
639 1032 754 1071 sociis
781 1032 1010 1082 civibusque
1036 1033 1226 1072 Romanis
1252 1047 1352 1083 quae
1372 1047 1493 1083 penes

170 1109 259 1134 eum
281 1104 420 1134 essent.
480 1096 519 1134 Si
540 1095 703 1143 fecisset,
727 1096 804 1134 iam
833 1104 926 1135 tunc
957 1097 1029 1135 sibi
1060 1097 1228 1136 mitteret
1258 1111 1419 1135 munera
1447 1111 1493 1136 ac
1513 1106 1530 1136 S

115 1171 150 1203 15
169 1161 274 1198 dona
295 1174 394 1210 quae
415 1161 516 1199 bene
544 1162 659 1199 rebus
683 1161 799 1211 gestis
820 1161 1071 1211 imperatores
1091 1163 1142 1200 ab
1161 1162 1297 1200 amicis
1317 1162 1493 1212 accipere

170 1232 434 1263 consuessent.
479 1225 640 1263 Miserat
667 1225 771 1264 enim
793 1223 856 1277 [ei]
876 1227 1096 1265 Pharnaces
1116 1240 1303 1266 coronam
1322 1240 1490 1265 auream.

171 1288 247 1327 His
268 1289 462 1339 responsis
483 1289 583 1328 datis
604 1291 750 1339 legatos
771 1289 927 1328 remisit.

222 1355 276 1392 At
297 1355 516 1392 Pharnaces
536 1353 743 1393 liberaliter
759 1354 892 1393 omnia
911 1355 1117 1405 pollicitus,
1136 1369 1227 1394 curn
1243 1355 1491 1394 festinantem
1512 1365 1555 1404 71

169 1430 214 1456 ac
243 1426 554 1468 praecurrentem
586 1420 793 1458 Caesarem
823 1427 992 1469 speraret
1022 1420 1206 1458 libentius
1235 1420 1352 1459 etiam
1373 1420 1493 1459 credi-

111 1495 151 1518 20
169 1489 298 1520 turum
343 1483 421 1522 suis
466 1483 664 1534 promissis
703 1497 822 1534 quam
860 1498 919 1522 res
958 1492 1162 1534 pateretur,
1203 1498 1283 1534 quo
1330 1484 1491 1522 celerius

169 1546 449 1597 honestiusque
486 1549 537 1586 ad
576 1561 634 1586 res
683 1548 804 1598 magis
851 1549 1087 1587 necessarias
1132 1548 1491 1599 proficisceretur-—

168 1611 315 1649 nemini
349 1611 453 1651 enim
488 1620 567 1650 erat
601 1612 778 1662 ignotum
817 1613 992 1663 plurimis
1026 1615 1076 1652 de
1110 1613 1236 1652 causis
1269 1615 1320 1652 ad
1354 1614 1490 1652 urbem

169 1676 376 1715 Caesarem
392 1676 625 1723 revocari—‚
644 1677 786 1715 lentius
801 1691 923 1729 agere,
940 1678 1159 1717 decedendi
1176 1678 1280 1717 diem
1297 1679 1492 1728 postulare

167 1740 393 1789 longiorem,
416 1740 616 1790 pactiones
646 1741 902 1791 interponere,
926 1741 965 1779 in
986 1755 1139 1780 summa
1159 1742 1328 1780 frustrari
1348 1742 1488 1792 coepit.

112 1816 149 1847 25
169 1804 312 1843 Caesar
344 1805 499 1854 cognita
528 1805 739 1844 calliditate
773 1805 955 1854 hominis,
991 1807 1099 1855 quod
1131 1806 1215 1844 aliis
1249 1807 1491 1856 temporibus
1513 1825 1527 1845 2

167 1876 304 1907 natura
323 1870 448 1907 facere
469 1877 723 1908 consueverat
750 1877 843 1908 tunc
864 1870 1095 1909 necessitate
1115 1870 1205 1909 fecit
1225 1872 1430 1918 adductus,
1449 1880 1490 1909 ut

167 1933 328 1972 celerius
349 1933 526 1972 omnium
547 1934 733 1984 opinione
754 1948 915 1972 manum
936 1943 1166 1974 consereret.

220 1999 310 2036 Zela
339 2006 396 2036 est
425 1998 617 2048 oppidum
647 1998 686 2036 in
717 2001 845 2038 Ponto
874 1999 1056 2049 positum,
1080 2000 1207 2050 ipsum
1238 2008 1279 2038 ut
1306 2000 1345 2038 in
1372 2002 1490 2050 plano
1509 2009 1559 2048 72

168 2063 254 2100 loco
284 2062 374 2100 satis
409 2062 628 2100 munitum:
671 2065 844 2101 tumulus
874 2064 978 2102 enim
1009 2065 1204 2112 naturalis,
1236 2066 1341 2103 velut
1371 2079 1489 2102 manu

110 2139 150 2170 30
167 2127 301 2173 sactus,
323 2127 532 2165 excelsiore
553 2127 728 2177 undique
748 2127 900 2177 fastigio
921 2128 1084 2167 sustinet
1105 2143 1271 2167 murum.
1318 2129 1490 2168 Circum·
1512 2143 1527 2163 2

168 2190 282 2240 positi
312 2198 401 2228 sunt
434 2191 525 2229 huic
555 2191 703 2241 oppido
734 2192 863 2241 magni
898 2192 1088 2242 multique
1121 2193 1290 2231 intercisi
1325 2193 1489 2231 vallibus

209 2297 229 2325 3
253 2297 319 2317 non
343 2288 468 2318 seclusit
485 2287 691 2319 Vascosauus
934 2300 953 2327 4
978 2289 1067 2328 Quin
1093 2288 1285 2330 Nipperdey:
1317 2300 1417 2329 quam
1434 2290 1488 2320 X:

167 2340 365 2368 quamquam
382 2331 502 2361 Dt'nter
590 2342 627 2371 14
652 2331 705 2371 Si]
725 2332 761 2362 Si
780 2333 866 2362 bene
882 2332 933 2362 E:
957 2333 993 2363 Id
1012 2333 1036 2362 si
1054 2332 1228 2363 Schneider
1317 2335 1354 2363 16
1371 2334 1402 2363 ei
1420 2344 1485 2365 om.

168 2373 252 2402 D'T'
352 2374 389 2403 18
414 2374 596 2404 liberaliter
611 2375 756 2408 omniass
771 2388 776 2405 ε
803 2376 915 2406 omnia
932 2375 1134 2414 legaliterD
1229 2377 1270 2406 28
1286 2377 1395 2416 positu
1415 2377 1488 2415 ipso

167 2415 280 2445 Aldus
367 2427 405 2455 31
433 2417 510 2447 huic
528 2418 625 2448 LAss:
652 2419 714 2448 hoc
731 2422 794 2449 cett.
872 2419 1052 2458 multisque
1069 2419 1242 2450 Schneider
1342 2463 1381 2492 13

1363 2466 1369 2473 ·
1386 2463 1400 2481 >⁵2
