1705 2729
475 134 548 170 DE
580 132 759 169 BELLO
790 132 967 169 CIVILI
1000 132 1100 168 LIB.
1136 132 1199 168 III

176 244 225 282 ab
254 243 319 281 illo
343 242 457 281 rediri
486 249 629 292 posset,
653 255 750 280 neve
780 243 875 279 alter
903 241 1011 279 alteri
1042 248 1209 279 noceret.
1272 242 1365 279 Huc
1389 240 1499 279 addit

176 321 301 358 pauca
321 308 370 346 de
391 320 507 345 causa
527 314 564 344 et
585 307 635 344 de
655 305 778 356 copiis
798 305 1028 355 auxiliisque
1049 305 1138 343 suis.

232 371 386 420 Quibus
418 372 533 409 rebus
564 384 693 420 neque
727 378 809 408 tum
845 371 1166 420 respondendum
1202 371 1346 409 Caesar
1377 369 1500 408 existi-
1520 373 1562 412 17

179 435 296 474 mavit
334 448 463 485 neque
501 448 606 473 nunc
644 442 686 472 ut
724 434 936 473 memoriae
974 436 1189 484 prodantur
1230 434 1321 472 satis
1360 447 1500 472 causae

143 518 159 550 5
178 508 370 551 putamuS.
442 500 668 538 Postulabat
689 500 833 538 Caesar
852 507 895 537 ut
916 501 1061 549 legatos
1087 499 1159 537 sibi
1189 500 1238 537 ad
1268 499 1498 548 Pompeium
1523 513 1537 533 2

178 565 261 603 sine
290 564 462 614 periculo
492 564 643 602 mittere
671 563 802 602 liceret
831 563 950 612 idque
981 563 1052 612 ipsi
1082 564 1163 601 fore
1193 563 1408 612 reciperent
1435 570 1500 600 aut

176 637 359 679 acceptos
393 642 461 679 per
492 642 532 667 se
564 630 614 667 ad
645 642 735 667 eum
770 629 1038 678 perducerent.
1100 629 1220 676 Quod
1248 629 1298 665 ad
1329 627 1499 665 indutias
1522 639 1539 667 3

176 693 394 745 pertineret,
414 693 468 731 sic
488 693 580 731 belli
602 693 790 731 rationem
813 706 898 731 esse
927 692 1090 731 divisam
1112 700 1154 730 ut
1175 692 1228 730 illi
1250 694 1372 731 classe
1392 692 1500 730 navis

175 758 394 808 auxiliaque
414 771 484 796 sua
503 758 747 807 impedirent,
771 757 854 807 ipse
883 765 924 795 ut
953 770 1056 807 aqua
1085 765 1261 806 terraque
1282 770 1348 795 eos
1375 757 1502 807 prohi-

121 839 157 861 ιο
176 823 294 861 beret.
372 822 411 861 Si
449 824 525 861 hoc
564 822 637 860 sibi
684 822 827 860 remitti
865 823 1018 867 vellent,
1060 822 1300 860 remitterent
1338 821 1411 871 ipsi
1451 822 1538 861 de4

176 887 377 925 maritimis
407 886 622 934 custodiis,·
651 887 682 924 si
711 887 806 925 illud
834 894 1020 933 tenerent,
1051 900 1091 924 se
1121 900 1279 936 quoque
1310 886 1349 924 id
1379 892 1501 924 reten-

176 960 315 990 turum.
376 952 510 990 Nihilo
535 952 663 990 minus
693 960 824 990 tamen
845 952 903 1001 agi
926 965 1040 1001 posse
1061 953 1111 990 de
1138 951 1438 1001 compositione,
1459 958 1500 988 ut

176 1019 272 1056 haec
308 1031 388 1056 non
423 1017 718 1064 remitterentur,
743 1031 871 1067 neque
901 1019 1002 1055 hanc
1032 1030 1112 1055 rem
1143 1016 1195 1054 illi
1226 1029 1310 1054 esse
1340 1016 1501 1066 impedi-

176 1090 320 1120 mento.
399 1082 500 1119 Libo
548 1095 675 1131 neque
732 1083 878 1131 legatos
931 1081 1106 1119 Caesaris
1155 1080 1325 1130 recipere
1373 1093 1500 1129 neque
1522 1095 1537 1124 ,ς

121 1162 155 1193 15
175 1146 391 1197 periculum
421 1154 614 1196 praestare
645 1159 790 1192 eorum,
824 1147 893 1184 sed
923 1153 1045 1184 totam
1076 1158 1155 1183 rem
1185 1146 1236 1183 ad
1267 1144 1499 1194 Pompeium

176 1211 317 1250 reicere
332 1226 343 1259 3
372 1225 492 1249 unum
525 1211 667 1249 instare
699 1211 747 1249 de
777 1210 938 1248 indutiis
968 1209 1390 1259 vehementissimeque
1411 1223 1501 1248 con-

175 1277 344 1315 tendere.
417 1277 547 1324 Quem
578 1275 644 1314 ubi
685 1276 829 1315 Caesar
867 1275 1054 1313 intellexit
1092 1274 1305 1325 praesentis
1340 1274 1538 1324 periculi6

174 1348 290 1391 atque
312 1340 466 1390 inopiae
495 1340 677 1379 vitandae
707 1353 824 1378 causa
853 1353 1011 1378 omnem
1042 1339 1259 1378 orationem
1289 1338 1500 1377 instituisse

174 1418 302 1455 neque
331 1407 449 1444 ullam
479 1418 589 1455 spem
619 1412 685 1443 aut
715 1404 990 1443 condicionem
1021 1404 1127 1454 pacis
1156 1405 1315 1451 adferre,
1339 1405 1388 1442 ad
1419 1404 1500 1442 reli-

116 1485 155 1507 20
174 1483 292 1520 quam
313 1469 589 1520 cogitationem
611 1468 702 1508 belli
724 1482 808 1507 sese
829 1469 983 1519 recepit.

229 1535 391 1574 Bibulus
422 1537 564 1574 multos
595 1534 677 1574 dies
707 1542 806 1573 terra
840 1534 1058 1584 prohibitus
1088 1542 1125 1572 et
1154 1534 1327 1584 graviore
1357 1534 1495 1572 morbo
1516 1537 1558 1574 18

174 1614 219 1638 ex
248 1600 386 1651 frigore
415 1614 460 1639 ac
489 1601 622 1639 labore
656 1599 876 1649 implicitus,
914 1612 1003 1637 cum
1039 1612 1168 1649 neque
1201 1599 1324 1637 curari
1365 1607 1497 1649 posset

174 1679 302 1715 neque
326 1673 551 1716 susceptum
573 1665 744 1704 officium
770 1666 946 1703 deserere
971 1665 1096 1711 vellet,
1126 1664 1204 1702 vim
1232 1664 1358 1703 morbi
1389 1665 1498 1702 susti-

174 1744 265 1768 nere
295 1744 374 1769 non
404 1731 540 1780 potuit.
613 1732 672 1768 Eo
703 1737 856 1768 mortuo
886 1731 936 1767 ad
966 1729 1164 1768 neminem
1195 1742 1316 1768 unum
1345 1743 1499 1768 summa
1521 1747 1535 1767 2

117 1808 153 1839 25
174 1794 309 1845 imperi
331 1795 453 1842 rediit,
477 1797 546 1834 sed
568 1795 774 1845 separatim
801 1807 911 1832 suam
936 1794 1102 1843 quisque
1129 1795 1292 1832 classem
1327 1796 1375 1833 ad
1403 1795 1500 1833 arbi-

173 1860 287 1898 trium
309 1874 423 1898 suum
444 1859 749 1898 administrabat.
802 1858 1007 1905 Vibullius,
1032 1860 1168 1897 sedato
1189 1860 1358 1897 tumultu
1380 1872 1497 1909 quem
1519 1875 1536 1905 3

173 1924 398 1974 repentinus
445 1925 635 1963 adventus
685 1923 862 1963 Caesaris
901 1923 1171 1969 concitaverat,
1214 1923 1281 1961 ubi
1329 1923 1497 1973 primum

175 1990 371 2033 †reversus
392 1992 484 2036 estl‘,
501 1988 679 2027 adhibito
697 1988 850 2026 Libone
872 1995 909 2026 et
931 1990 973 2025 L.
994 1987 1165 2026 Lucceio
1181 1994 1218 2026 et
1239 1988 1494 2037 Theophane,

172 2053 396 2103 quibuscum
410 2053 701 2092 communicare
718 2055 768 2091 de
782 2052 959 2091 maximis
977 2053 1091 2091 rebus
1110 2052 1320 2102 Pompeius
1337 2066 1498 2091 consue-

113 2130 154 2160 ?‚0
172 2126 286 2165 verat,
303 2119 352 2157 de
369 2118 562 2157 mandatis
577 2119 753 2158 Caesaris
769 2132 882 2168 agere
899 2118 1074 2156 instituit.
1136 2119 1267 2166 Quem
1282 2118 1496 2168 ingressum
1516 2136 1535 2165 4

172 2182 209 2220 in
231 2196 450 2222 sermonem
467 2183 677 2234 Pompeius
699 2183 955 2233 interpellavit
978 2191 1014 2221 et
1037 2183 1142 2232 loqui
1160 2184 1268 2232 plura
1286 2182 1494 2232 prohibuit.

218 2295 255 2324 13
280 2285 324 2316 illi
351 2295 425 2316 esse
462 2286 715 2325 impedimento.
768 2286 848 2316 Libo
877 2285 1032 2326 Madvig:
1074 2285 1138 2316 illis
1164 2296 1239 2317 esse
1269 2287 1497 2325 impedimenti

172 2329 242 2358 loco
259 2327 297 2357 X
428 2339 464 2368 17
488 2339 587 2368 quem
617 2329 643 2358 L
677 2340 778 2360 cort-‚2
816 2340 903 2368 quae
927 2328 966 2358 X
1096 2339 1137 2369 25
1163 2331 1261 2360 rediit
1291 2330 1379 2360 codd.
1408 2341 1496 2360 resa:

172 2371 257 2401 redit
274 2371 310 2400 X
435 2373 476 2402 28
501 2382 658 2402 reversus
675 2378 725 2402 est
743 2373 791 2404 E:
819 2382 934 2403 rursus
950 2371 1008 2408 DB
1023 2385 1028 2404 z
1054 2383 1072 2403 e
1090 2384 1125 2403 re
1142 2374 1249 2403 visum
1268 2379 1319 2404 est
1336 2373 1499 2412 Elberlt'ng

174 2415 316 2444 Lucceio
334 2414 524 2446 Manutius:
553 2416 674 2445 Luceio
693 2415 729 2444 X
858 2426 899 2454 29
923 2426 995 2445 cum
1015 2416 1087 2447 add.
1110 2417 1291 2447 Gronovius
