1705 2729
145 377 162 407 3

91 951 157 999 „72

102 2046 153 2086 73

597 126 640 163 C.
677 126 790 163 IVLI
824 127 1092 166 CAESARIS

183 235 336 284 busque
358 242 394 273 et
416 234 587 273 fluminis
613 235 703 284 ripis
731 249 916 286 oppressa
943 250 1101 275 suorum
1130 238 1167 276 in
1190 247 1331 278 terrore
1352 253 1397 278 ac
1419 241 1507 290 fuga

182 298 266 336 sine
300 301 379 337 ullo
414 301 572 338 vulnere
607 299 776 346 interiit;
815 301 1002 351 signaque
1037 310 1126 340 sunt
1158 302 1335 342 militaria
1366 304 1508 343 amissa

182 375 315 401 xxxu.
369 364 579 413 Pompeius
597 377 643 402 eo
664 364 812 414 proelio
833 365 1041 415 imperator
1058 374 1115 404 est
1135 369 1362 417 appellatus.
1415 371 1508 407 Hoc

183 440 328 465 nomen
355 428 525 466 obtinuit
552 436 670 478 atque
698 429 750 467 ita
777 443 817 467 se
844 438 981 479 postea
1005 431 1159 469 salutari
1188 445 1323 481 passus
1353 438 1414 479 est,
1438 434 1507 471 sed

182 505 296 540 neque
326 492 365 529 in
398 492 532 530 litteris
564 493 825 542 praescribere
857 502 913 532 est
946 494 1082 533 solitus
1112 508 1240 545 neque
1270 496 1308 533 in
1338 496 1507 535 fascibus

182 555 346 606 insignia
371 558 523 595 laureae
550 558 740 606 praetulit.
801 561 853 596 At
884 558 1092 605 Labienus,
1121 572 1210 597 cum
1235 560 1286 598 ab
1313 573 1360 598 eo
1389 560 1508 611 impe-

181 620 356 659 travisset
389 629 429 659 ut
468 621 541 660 sibi
581 622 755 671 captivos
795 623 892 661 tradi
932 623 1093 670 iuberet,
1126 624 1254 662 omnis
1293 626 1507 674 productos

180 686 453 724 ostentationis
484 694 525 724 ut
546 687 751 725 videbatur
780 700 908 734 causa,
935 701 1015 737 quo
1046 688 1168 726 maior
1197 690 1380 739 perfugae
1410 690 1507 728 fides

179 750 397 797 haberetur,
420 751 709 789 commilitones
736 753 937 802 appellans
964 760 1001 790 et
1029 765 1169 802 magna
1189 754 1396 792 verborum
1418 766 1509 792 con-

179 814 339 852 tumelia
372 814 623 864 interrogans,
658 817 878 854 solerentne
912 817 1083 855 veterani
1118 817 1258 856 milites
1293 819 1435 867 fugere,
1468 818 1506 856 in

178 878 356 916 omnium
377 886 592 928 conspectu
614 879 814 918 interfecit.

234 942 309 980 His
330 943 445 981 rebus
467 951 619 981 tantum
641 944 809 982 fiduciae
828 958 874 983 ac
895 945 1050 995 spiritus
1072 946 1322 996 Pompeianis
1343 947 1506 986 accessit

178 1014 219 1044 ut
241 1020 319 1045 non
345 1008 395 1046 de
416 1007 565 1046 ratione
591 1008 682 1046 belli
711 1008 925 1057 cogitarent
953 1011 1023 1048 sed
1043 1010 1181 1049 vicisse
1202 1010 1279 1048 iam
1307 1010 1380 1049 sibi
1401 1011 1502 1050 vide-

177 1080 318 1110 rentur.
398 1074 489 1110 Non
539 1072 591 1110 illi
640 1073 877 1123 paucitatem
925 1082 1145 1113 nostrorum
1196 1076 1376 1123 militum,
1423 1089 1503 1115 non

177 1136 422 1186 iniquitatem
458 1137 533 1175 loci
572 1145 690 1187 atque
728 1139 924 1188 angustias
964 1140 1260 1189 praeoccupatis
1299 1141 1432 1180 castris
1468 1149 1505 1180 et

175 1201 386 1251 ancipitem
409 1209 593 1241 terrorem
615 1203 714 1241 intra
734 1211 918 1254 extraque
939 1205 1188 1252 munitiones,
1207 1218 1286 1244 non
1306 1206 1505 1245 abscisum

176 1266 215 1303 in
248 1267 345 1304 duas
375 1267 494 1316 partis
524 1267 747 1315 exercitum,
780 1282 870 1307 cum
901 1270 1019 1307 altera
1053 1270 1161 1308 alteri
1191 1270 1377 1308 auxilium
1407 1272 1505 1309 ferre

176 1343 256 1368 non
278 1338 421 1380 posset,
438 1344 578 1370 causae
595 1332 713 1371 fuisse
729 1333 964 1383 cogitabant.
1017 1336 1109 1373 Non
1125 1336 1175 1373 ad
1192 1336 1289 1373 haec
1302 1336 1504 1374 addebant

176 1408 256 1433 non
277 1408 323 1433 ex
345 1409 538 1434 concursu
565 1396 643 1434 acri
664 1398 779 1445 facto,
803 1412 882 1436 non
910 1398 1057 1448 proelio
1085 1399 1328 1447 dimicatum,
1351 1400 1510 1450 sibique,

175 1459 280 1508 ipsos
297 1460 547 1499 multitudine
563 1468 680 1511 atque
696 1462 882 1512 angustiis
896 1463 1020 1501 maius
1036 1463 1211 1503 attulisse
1224 1464 1503 1503 detrimentum

175 1538 293 1574 quam
320 1525 371 1563 ab
400 1526 512 1564 hoste
535 1528 788 1576 accepissent.
850 1529 941 1566 Non
969 1529 1141 1579 denique
1163 1529 1384 1568 communis
1411 1530 1503 1568 belli

175 1602 287 1627 casus
310 1591 626 1638 recordabantur,
649 1605 767 1641 quam
793 1594 975 1642 parvulae
997 1606 1113 1643 saepe
1135 1607 1275 1633 causae
1296 1596 1356 1633 vel
1383 1596 1503 1633 falsae

174 1653 407 1703 suspicionis
446 1656 505 1692 vel
551 1656 703 1693 terroris
750 1657 941 1705 repentini
981 1660 1041 1696 vel
1086 1658 1265 1697 obiectae
1307 1659 1502 1709 religionis

174 1730 315 1767 magna
346 1718 580 1756 detrimenta
611 1719 842 1767 intulissent,
875 1721 1056 1770 quotiens
1086 1723 1147 1760 vel
1177 1722 1288 1760 ducis
1317 1722 1411 1761 vitio
1440 1724 1501 1761 vel

173 1783 288 1832 culpa
322 1782 467 1820 tribuni
497 1783 535 1820 in
567 1783 736 1822 exercitu
767 1792 868 1823 esset
898 1786 1119 1833 offensum3
1160 1787 1230 1825 sed
1259 1787 1425 1837 proinde
1453 1800 1499 1826 ac

173 1845 202 1882 si
242 1845 382 1884 virtute
416 1846 599 1885 vicissent
638 1861 766 1897 neque
800 1850 878 1887 ulla
909 1849 1167 1888 commutatio
1202 1864 1329 1889 rerum
1368 1859 1500 1900 posset

172 1910 361 1957 accidere,
398 1924 466 1960 per
504 1912 640 1949 orbem
680 1920 865 1950 terrarum
906 1915 1008 1951 fama
1047 1927 1093 1951 ac
1131 1913 1266 1952 litteris
1298 1914 1499 1954 victoriam

173 1974 255 2012 eius
276 1975 354 2012 diei
376 1977 717 2014 concelebrabant.

227 2040 371 2078 Caesar
403 2040 453 2077 ab
493 2040 756 2089 superioribus
791 2041 962 2079 consiliis
1001 2043 1188 2092 depulsus
1227 2056 1386 2082 ornnem
1426 2044 1500 2083 sibi

215 2152 235 2180 3
261 2141 336 2172 Hoc
356 2143 431 2172 noffi
451 2143 594 2173 obtinuit
612 2143 668 2173 del.
691 2143 875 2174 Cz'accom'us
977 2156 996 2183 4
1022 2149 1072 2175 est
1090 2149 1117 2174 cl
1134 2155 1243 2184 neque
1260 2145 1334 2176 add.
1355 2157 1374 2175 r
1480 2157 1500 2185 5

173 2185 235 2214 hoc
261 2195 329 2214 non
354 2185 498 2215 obtinuit
518 2190 593 2225 post
615 2186 736 2216 litteris
754 2188 865 2225 posuit
886 2186 1057 2218 Buecheler
1144 2189 1375 2227 praescribere
1391 2189 1499 2220 Paul:

171 2237 257 2266 quae
282 2228 432 2258 scribere
464 2227 502 2257 X
754 2240 770 2268 7
797 2239 914 2260 omnes
938 2232 1122 2269 productos
1144 2230 1353 2271 Stephanus:
1393 2233 1498 2272 offisq.

172 2271 291 2300 ductos
309 2270 372 2300 D':
399 2272 507 2301 omnis
525 2272 681 2302 reductos
697 2274 720 2306 β
847 2283 883 2311 17
909 2275 1016 2304 altera
1033 2274 1078 2304 F:
1104 2274 1190 2304 alter
1206 2279 1270 2304 cett.
1395 2286 1434 2314 19
1457 2286 1499 2306 ex

171 2313 240 2344 secl.
260 2314 377 2343 Morus
573 2316 640 2346 acri
661 2326 697 2346 r:
734 2316 804 2354 agri
822 2315 861 2345 X
990 2328 1026 2347 21
1054 2318 1237 2348 communis
1255 2318 1303 2350 E:
1331 2320 1498 2349 communi

173 2356 260 2386 DT:
285 2367 481 2388 communes
500 2357 574 2387 L'V

1529 835 1567 857 10

1530 1158 1563 1188 15

1525 1481 1564 1504 20

1521 1804 1560 1836 25
