1705 2729
101 851 138 873 10

457 149 531 184 DE
563 146 742 184 BELLO
772 146 982 184 AFRICO
1014 146 1182 182 LIBER

160 260 270 306 Iuba,
293 259 484 298 distentus
512 258 650 307 triplici
672 259 775 295 bello
800 256 1110 305 necessitateque
1134 264 1304 301 coactus,
1328 258 1377 294 de
1405 256 1482 293 suis

157 323 279 373 copiis
301 337 396 373 quas
417 330 552 361 contra
573 324 781 361 Caesarem
801 322 1016 358 adduxerat
1043 334 1109 358 sex
1136 320 1307 358 cohortis
1332 320 1371 357 in
1396 319 1482 357 finis

157 387 262 438 regni
285 387 343 425 sui
365 387 481 425 mittit
502 400 602 436 quae
623 393 753 424 essent
773 385 967 435 praesidio
989 392 1125 423 contra
1146 386 1344 422 Gaetulos.

211 453 356 491 Caesar
372 451 563 490 bracchiis
579 450 759 501 perfectis
776 449 1044 499 promotisque
1061 462 1185 498 usque
1202 462 1249 486 eo
1265 462 1344 497 quo
1362 449 1481 486 telum
1502 452 1556 498 56

156 530 202 555 6)(
222 515 370 566 oppido
390 515 493 565 adigi
517 529 597 553 non
624 521 756 564 posset
780 521 904 552 castra
931 513 1067 560 munit,
1089 512 1252 551 ballistis
1273 512 1483 561 scorpioni-

157 581 308 630 busque
347 579 490 618 crebris
528 586 618 617 ante
657 580 824 616 frontem
864 585 1077 615 castrorum
1117 584 1252 615 contra
1291 576 1482 626 oppidum

156 644 356 683 collocatis
390 645 614 682 defensores
645 642 744 681 muri
774 643 966 681 deterrere
996 655 1075 680 non
1106 641 1324 680 intermittit
1356 654 1482 690 eoque

156 709 330 759 quinque
350 708 522 758 legiones
543 722 589 745 ex
609 706 872 757 superioribus
893 706 1026 744 castris
1047 705 1218 744 deducit.
1263 706 1352 753 Qua
1368 706 1483 742 facul-
1504 719 1518 740 2

156 781 234 811 tate
264 774 395 811 oblata
424 771 661 810 inlustriores
689 770 961 820 notissimique
985 778 1242 820 conspectum
1267 769 1481 807 amicorum

156 837 545 888 propinquorumque
562 835 823 885 efflagitabant
839 844 957 886 atque
973 835 1072 874 inter
1088 849 1129 873 se
1144 836 1479 885 colloquebantur.

157 903 270 950 Quae
309 915 368 940 res
406 901 502 950 quid
540 900 714 938 utilitatis
749 901 909 938 haberet
941 901 1149 940 Caesarem
1184 899 1455 947 non‚fallebat
1475 915 1481 937 :
1505 911 1520 941 3,

156 980 327 1015 namque
361 964 517 1004 Gaetuli
552 979 597 1003 6)(
631 964 805 1014 equitatu
840 964 945 1014 regio
980 964 1190 1002 nobiliores
1225 963 1482 1013 equitumque

156 1030 350 1081 praefecti,
373 1043 539 1079 quorum
560 1037 687 1079 patres
708 1043 796 1067 cum
822 1028 949 1067 Mario
969 1037 1059 1067 ante
1080 1036 1300 1066 meruerant
1320 1027 1482 1077 eiusque

156 1094 349 1133 beneficio
379 1094 477 1144 agris
507 1093 730 1143 finibusque
760 1093 894 1131 donati
923 1101 1010 1143 post
1034 1094 1163 1131 Sullae
1183 1092 1383 1131 victoriam
1409 1092 1482 1130 sub

159 1158 398 1208 Hiempsalis
416 1157 513 1207 regis
530 1165 637 1196 erant
654 1157 733 1196 dati
751 1164 997 1206 potestatem,
1014 1157 1221 1195 occasione
1237 1164 1350 1206 capta
1366 1164 1482 1195 nocte

129 1246 134 1250 ·
156 1223 233 1261 iam
254 1222 467 1261 luminibus
488 1221 662 1260 accensis
684 1235 772 1259 cum
796 1221 905 1270 equis
927 1221 1211 1271 calonibusque
1233 1221 1311 1259 suis
1332 1220 1483 1258 circiter

100 1501 137 1522 20

100 2142 138 2172 30

157 1287 261 1326 mille
294 1286 516 1337 perfugiunt
550 1286 589 1323 in
622 1285 798 1325 Caesaris
833 1293 957 1323 castra
991 1299 1091 1335 quae
1125 1293 1233 1324 erant
1267 1285 1307 1322 in
1340 1298 1482 1335 campo

156 1351 330 1402 proxime
362 1349 525 1403 [locum]
558 1350 713 1389 Uzittae
742 1352 878 1388 locata.

210 1417 331 1465 Quod
352 1423 561 1465 postquam
583 1414 714 1464 Scipio
731 1414 877 1464 quique
898 1428 986 1452 cum
1009 1427 1057 1452 eo
1078 1422 1185 1452 erant
1201 1421 1478 1464 cognoverunt,
1502 1422 1550 1461 57

155 1494 245 1520 curn
267 1480 455 1519 commoti
476 1494 522 1518 ex
543 1479 607 1518 tali
632 1479 888 1518 incommodo
915 1487 1056 1526 essent,
1079 1480 1157 1517 fere
1178 1492 1246 1528 per
1266 1479 1306 1517 id
1327 1486 1482 1528 tempus

158 1548 211 1584 M.
228 1545 431 1595 Aquinum
447 1558 537 1583 cum
555 1545 598 1584 C.
618 1546 781 1583 Saserna
801 1539 1093 1594 colloquentem
1115 1543 1304 1582 viderunt.
1351 1542 1482 1592 Scipio
1503 1561 1518 1583 2

156 1610 273 1648 mittit
296 1611 346 1648 ad
368 1609 581 1659 Aquinum,
604 1608 699 1647 nihil
723 1608 886 1647 attinere
916 1622 1005 1647 eum
1036 1622 1126 1646 cum
1153 1607 1380 1646 adversariis
1407 1609 1483 1646 col-

155 1675 273 1725 loqui.
333 1676 436 1714 Cum
468 1674 619 1714 †nihilo
649 1674 778 1712 minus
808 1674 890 1712 eius
920 1687 1142 1712 sermonem
1172 1673 1332 1711 nuntius
1361 1674 1412 1712 ad
1441 1687 1482 1711 se

156 1741 337 1780 referret†
365 1741 434 1778 sed
459 1747 618 1778 restaret
639 1746 680 1776 ut
701 1738 848 1788 reliqua
873 1752 973 1788 quae
993 1740 1108 1776 vellet
1128 1745 1337 1788 perageret,
1359 1737 1483 1775 viator

157 1812 355 1854 praeterea
382 1805 432 1842 ab
456 1804 555 1842 Iuba
583 1805 633 1842 ad
663 1817 752 1842 eum
784 1811 841 1842 est
871 1803 1011 1841 missus
1039 1803 1105 1852 qui
1128 1803 1274 1841 diceret
1298 1802 1482 1841 audiente

157 1870 343 1907 Saserna:
377 1870 515 1907 ‘Vetat
545 1875 583 1907 te
611 1881 676 1906 rex
705 1868 900 1918 colloqui.'
969 1868 1061 1916 Quo
1091 1866 1229 1905 nuntio
1259 1867 1482 1917 perterritus
1503 1880 1520 1911 3

157 1933 334 1972 discessit
365 1941 403 1972 et
433 1933 540 1973 dicto
573 1933 737 1972 audiens
764 1933 834 1971 fuit
861 1933 950 1983 regi.
1011 1934 1098 1972 Usu
1122 1932 1274 1971 venisse
1303 1934 1379 1971 hoc
1409 1932 1483 1970 civi

159 2000 342 2037 Romano
372 2006 409 2037 et
439 1998 474 2037 ei
503 1998 571 2048 qui
599 1999 649 2036 ab
679 1999 826 2048 populo
849 2000 1032 2036 Romano
1059 1999 1228 2036 honores
1255 1996 1480 2047 accepisset,

157 2062 345 2101 incolumi
374 2063 496 2113 patria
525 2062 768 2113 fortunisque
797 2062 981 2100 omnibus
1011 2062 1134 2100 Iubae
1163 2062 1329 2100 barbaro
1353 2061 1483 2111 potius

157 2128 436 2167 oboedientem
456 2128 574 2167 fuisse
594 2141 711 2177 quarn
733 2135 799 2165 aut
820 2127 1012 2177 Scipionis
1033 2127 1325 2176 obtemperasse
1345 2125 1483 2163 nuntio

202 2242 221 2271 5
245 2232 335 2271 adigi
352 2232 565 2272 Hoffinann:
589 2232 674 2262 abici
691 2230 728 2260 X
828 2232 848 2260 6
872 2235 989 2260 contra
1012 2230 1057 2260 T:
1084 2234 1267 2268 contraque
1285 2233 1349 2260 cest.
1445 2238 1482 2267 15

161 2280 361 2315 potestatem
378 2274 492 2306 LFV:
515 2279 684 2314 potestate
700 2274 805 2305 DUT
915 2274 952 2304 18
978 2273 1086 2304 locum
1099 2273 1156 2304 del.
1178 2273 1248 2304 edd.
1334 2272 1482 2302 Uzittam

158 2318 293 2358 Lipsius
427 2329 466 2357 19
489 2319 588 2358 Quod
616 2317 730 2349 U¹ls⁷²z
769 2328 856 2356 quos
879 2321 942 2348 cett.
1080 2327 1121 2356 23
1147 2316 1255 2347 nihilo
1279 2316 1391 2346 minus
1408 2319 1485 2355 post

159 2363 219 2392 sed
232 2367 311 2402 pon.
328 2362 473 2393 Kuebler
578 2362 620 2391 ad
637 2371 674 2391 se
691 2361 748 2391 del.
768 2361 928 2392 Kueblcr:
953 2361 993 2390 ad
1012 2360 1207 2399 Scipionem
1223 2359 1345 2390 Davics
1443 2368 1481 2396 24

160 2410 288 2436 restare
305 2407 327 2439 β
416 2415 454 2436 se
470 2409 598 2436 restare
616 2404 805 2445 Hoffmann
894 2413 980 2442 quae
1000 2403 1197 2444 Oudendorp
1212 2413 1218 2432 :
1243 2413 1328 2441 quae
1347 2403 1372 2432 si
1390 2400 1428 2431 Χ
