1705 2729
619 124 663 163 C.
699 125 813 161 IVLI
845 123 1115 163 CAESARIS

205 234 354 272 munire
382 234 556 272 instituit.
622 236 714 272 Erat
742 234 779 271 in
811 233 959 283 oppido
995 232 1205 271 multitudo
1235 232 1407 272 insolens
1437 232 1528 271 belli

201 297 456 337 diuturnitate
490 298 556 345 oti,
584 298 793 337 Uticenses
828 312 899 348 pro
934 297 1171 348 quibusdam
1204 297 1382 337 Caesaris
1416 297 1454 335 in
1487 311 1528 336 se

201 362 402 400 beneficiis
423 362 475 400 illi
497 361 733 408 amicissimi,
750 371 967 401 conventus
988 362 1019 400 is
1036 362 1102 411 qui
1123 376 1169 400 ex
1189 361 1300 400 variis
1321 362 1528 412 generibus

165 445 178 466 2
200 434 406 474 constaret,
434 435 553 465 terror
587 441 633 465 ex
667 427 931 477 superioribus
963 426 1118 477 proeliis
1153 440 1327 477 magnus.
1388 429 1528 477 Itaque

200 493 250 530 de
271 491 473 531 deditione
499 505 636 530 omnes
657 491 733 530 iam
756 493 884 542 palam
906 492 1168 541 loquebantur
1188 499 1227 530 et
1246 505 1336 530 cum
1359 494 1398 529 P.
1418 491 1529 530 Attio

198 556 378 605 agebant,
394 570 443 595 ne
464 570 533 595 sua
548 556 761 606 pertinacia
780 556 958 594 omnium
980 558 1153 595 fortunas
1169 556 1384 606 perturbari
1399 558 1524 595 vellet.

162 632 179 661 3
200 621 314 659 Haec
344 634 434 659 cum
464 629 678 671 agerentur,
705 621 831 659 nuntii
861 621 1062 670 praemissi
1092 621 1143 659 ab
1171 634 1261 670 rege
1289 621 1389 659 Iuba
1415 634 1528 660 vene-

197 692 285 722 runt
320 685 386 734 qui
421 685 531 723 illum
565 686 703 724 adesse
738 699 828 723 cum
862 685 1011 737 magnis
1043 685 1166 736 copiis
1198 685 1373 724 dicerent
1404 693 1442 724 et
1476 687 1527 724 de

196 748 376 787 custodia
398 763 444 787 ac
465 749 695 788 defensione
722 749 827 788 urbis
853 751 1107 789 hortarentur.
1168 751 1282 798 Quae
1306 763 1365 788 res
1390 763 1525 789 eorum

196 814 417 863 perterritos
438 814 590 852 animos
611 814 866 853 confirmavit.

126 879 175 917 37
251 878 543 917 Nuntiabantur
570 880 667 917 haec
696 881 835 918 eadem
865 879 1037 927 Curioni,
1063 881 1131 918 sed
1156 879 1399 930 aliquamdiu
1427 880 1525 919 fides

196 942 277 981 fieri
302 957 382 981 non
408 951 583 993 poterat:
616 951 764 982 tantam
793 944 965 982 habebat
989 957 1145 982 suarum
1173 958 1300 982 rerum
1325 943 1521 983 fiduciam.

117 1003 121 1008 ’
158 1020 173 1041 2
197 1009 362 1058 Iamque
402 1008 579 1047 Caesaris
618 1008 657 1046 in
699 1008 893 1058 Hispania
937 1022 997 1047 res
1041 1010 1238 1047 secundae
1276 1008 1316 1047 in
1351 1008 1524 1048 Africam

195 1072 340 1110 nuntiis
374 1086 420 1111 ac
453 1072 588 1111 litteris
623 1073 925 1123 perferebantur.
997 1073 1154 1122 Quibus
1190 1073 1375 1111 omnibus
1408 1073 1524 1112 rebus

157 1147 173 1177 3
193 1137 369 1175 sublatus
403 1137 499 1175 nihil
529 1145 665 1176 contra
694 1151 735 1176 se
764 1151 893 1187 regem
925 1137 1099 1176 nisurum
1130 1138 1385 1176 existimabat.
1445 1139 1524 1177 Sed

193 1201 260 1239 ubi
281 1201 394 1240 certis
415 1202 641 1240 auctoribus
670 1202 860 1252 comperit
888 1202 1017 1241 minus
1039 1215 1063 1239 v
1084 1210 1122 1241 et
1146 1215 1204 1240 xx
1229 1202 1387 1241 milibus
1407 1203 1524 1254 longe

191 1266 242 1303 ab
264 1265 383 1305 Utica
414 1266 496 1305 eius
531 1266 664 1317 copias
696 1267 844 1313 abesse,
875 1266 1016 1305 relictis
1048 1266 1334 1306 munitionibus
1368 1280 1453 1306 sese
1482 1267 1522 1305 in

153 1343 170 1371 4
193 1331 329 1369 Castra
374 1331 557 1370 Cornelia
600 1331 756 1381 recepit.
834 1333 928 1369 Huc
976 1333 1215 1370 frumentum
1264 1339 1519 1382 comportare,

191 1402 315 1433 castra
343 1396 504 1443 munire,
532 1396 733 1434 materiam
764 1398 940 1435 conferre
969 1396 1101 1447 coepit
1127 1396 1337 1447 statimque
1366 1396 1406 1435 in
1430 1396 1523 1436 Sici-

191 1459 281 1498 liam
313 1460 426 1507 misit,
454 1461 509 1499 uti
544 1462 646 1499 duae
678 1461 850 1511 legiones
886 1461 1136 1511 reliquusque
1171 1461 1366 1512 equitatus
1397 1463 1448 1501 ad
1479 1475 1521 1500 se

152 1538 168 1568 5
191 1524 415 1563 mitteretur.
477 1527 613 1565 Castra
645 1533 754 1564 erant
788 1527 839 1564 ad
877 1526 1024 1564 bellum
1060 1527 1288 1565 ducendum
1319 1526 1521 1577 aptissima

189 1598 326 1628 natura
355 1590 432 1628 loci
467 1598 503 1628 et
534 1589 753 1628 munitione
788 1598 825 1628 et
857 1590 972 1628 maris
1007 1591 1298 1641 propinquitate
1327 1599 1365 1630 et
1393 1605 1520 1641 aquae

189 1662 227 1692 et
247 1654 336 1692 salis
361 1654 487 1704 copia,
510 1654 621 1693 cuius
650 1668 791 1704 magna
815 1654 870 1692 vis
898 1655 975 1693 iam
1003 1669 1049 1693 ex
1074 1655 1258 1706 proximis
1283 1664 1363 1694 erat
1387 1655 1519 1694 salinis

150 1724 169 1755 6
189 1733 236 1758 eo
263 1728 458 1770 congesta.
521 1721 613 1758 Non
644 1719 806 1759 materia
836 1720 1087 1759 multitudine
1117 1722 1310 1768 arborum,
1338 1735 1419 1760 non
1446 1723 1519 1759 fru-

188 1792 376 1831 mentum,
392 1783 503 1823 cuius
524 1792 633 1823 erant
648 1785 864 1835 plenissimi
880 1785 969 1836 agri,
987 1787 1156 1824 deficere
1171 1793 1332 1836 poterat.
1377 1788 1518 1836 Itaque

186 1848 363 1886 omnium
391 1862 551 1887 suorum
579 1863 774 1888 consensu
797 1850 917 1889 Curio
946 1850 1112 1900 reliquas
1136 1850 1269 1900 copias
1293 1857 1517 1901 exspectare

186 1921 223 1951 et
244 1914 391 1952 bellum
414 1916 557 1953 ducere
577 1916 748 1964 parabat.

115 1976 166 2022 38
242 1977 317 2015 His
352 1978 573 2017 constitutis
612 1980 728 2018 rebus
764 1979 1017 2029 probatisque
1056 1979 1228 2018 consiliis
1267 1993 1313 2018 ex
1347 1979 1516 2030 perfugis

185 2041 422 2091 quibusdam
444 2043 652 2093 oppidanis
678 2043 787 2082 audit
811 2044 953 2082 Iubam
977 2052 1201 2083 revocatum
1223 2044 1389 2082 finitimo
1410 2045 1515 2083 bello

184 2114 221 2144 et
242 2107 513 2146 controversiis
536 2108 835 2158 Leptitanorum
860 2108 1045 2147 restitisse
1071 2108 1111 2146 in
1138 2121 1268 2159 regno,
1292 2109 1511 2156 Saburram,

184 2170 265 2208 eius
300 2173 551 2221 praefectum,
584 2186 675 2210 cum
715 2172 981 2211 mediocribus
1020 2172 1143 2223 copiis
1178 2173 1339 2211 missum
1371 2173 1514 2212 Uticae

226 2287 245 2315 3
271 2277 297 2307 is
322 2278 378 2316 qui
406 2278 543 2308 Gruter:
581 2278 609 2309 si
627 2278 683 2317 qui
700 2277 738 2307 X
858 2289 877 2317 5
903 2279 966 2309 iam
988 2277 1137 2309 Vossius:
1178 2279 1212 2308 in
1229 2277 1268 2307 X
1388 2279 1511 2319 palam]

183 2321 328 2359 palando
347 2321 386 2350 L¹
542 2330 578 2360 15
604 2321 771 2359 nisurum]
791 2332 951 2352 ausurum
969 2326 996 2352 Δ
1140 2333 1180 2352 22
1205 2322 1267 2352 loci
1285 2326 1318 2352 et
1331 2321 1453 2359 Jurin:
1479 2327 1512 2353 et

182 2364 244 2394 loci
262 2363 299 2393 X
427 2375 469 2403 30
489 2369 562 2404 post
578 2375 684 2404 regno
701 2365 773 2396 add.
794 2370 827 2396 et
843 2365 889 2395 D'

1547 503 1564 535 5

1547 825 1586 848 10

1548 1153 1582 1185 15

1542 1477 1582 1500 20

1538 1797 1576 1829 ²5

1535 2120 1575 2151 30
