1638 2729
581 130 897 168 PRAEFATIO

83 239 282 278 Gronovio
309 238 451 284 scribit,
475 237 535 275 vix
556 237 660 275 credi
681 250 806 287 posse,
829 250 947 287 quam
975 250 1098 287 pauca
1125 238 1254 276 bonae
1281 245 1398 275 notae

82 309 174 347 inde
192 307 487 357 deprompserit.
548 306 690 345 Deficit
711 307 750 344 in
770 320 801 344 c.
825 319 974 344 xxxin.
999 309 1040 344 B.
1060 306 1256 344 Africani.'

138 379 259 415 Hunc
279 377 474 416 Aluredus
499 377 654 415 Holder
682 389 771 414 cum
799 375 836 413 in
862 375 990 426 Belgis
1019 377 1157 414 frustra
1185 375 1399 426 quaesisset

84 445 255 487 Londini
286 445 325 484 in
358 448 500 483 Museo
531 445 755 483 Britannico
785 452 979 495 repertum
1008 446 1273 495 collatumque
1307 445 1401 484 dicit

84 529 125 554 se
156 517 310 554 fratrem
343 528 570 565 germanum
610 514 757 553 codicis
791 514 1151 553 Ashburnhamiani
1183 515 1398 564 agnovisse.

84 586 214 633 Quem
235 597 325 623 cum
341 583 635 634 diligentissime
655 583 694 621 in
715 583 820 621 libris
837 584 886 622 de
901 585 1012 622 Bello
1026 583 1140 623 Civili
1160 584 1399 631 contulisset,

83 654 165 703 ipse
194 654 234 691 in
262 653 367 692 libris
398 654 448 692 de
484 654 593 691 Bello
625 652 891 691 Alexandrino
922 660 959 691 et
991 654 1040 692 de
1076 655 1186 692 Bello
1218 654 1402 692 Africano

84 724 215 774 quoad
262 730 384 762 exstat
431 730 557 761 totum
604 722 759 773 perlegi,
804 736 904 772 quae
951 725 1125 762 notanda
1170 723 1403 762 videbantur

84 792 226 840 notavi,
261 792 473 831 admiratus
513 805 631 842 quam
671 800 773 831 recte
812 794 862 831 de
900 794 976 832 hoc
1019 793 1156 832 codice
1194 794 1403 833 iudicasset

85 863 177 901 olim
209 861 407 900 Heinsius.

139 933 367 972 Ceterorum
397 939 547 981 praeter
576 933 681 971 hunc
711 932 896 971 librorum
927 933 1114 972 lectiones
1148 947 1194 972 ex
1223 933 1278 972 eis
1307 947 1403 983 quas

85 1009 488 1041 commemoraverunt
522 1002 719 1049 Duebner,
756 1004 917 1049 Kraner,
953 1004 1182 1050 Hoffmann,
1217 1004 1402 1051 Kuebler‚

86 1071 291 1118 Woelfflin,
316 1072 481 1118 Meusel,
515 1073 670 1121 Menge,
705 1073 858 1110 Holder
888 1072 1034 1121 quique
1068 1074 1140 1111 hos
1173 1073 1406 1112 adiuverunt

86 1143 281 1193 excerpsi:
310 1155 333 1181 a
354 1142 496 1192 quibus
523 1149 631 1181 tanta
654 1142 854 1192 diligentia
880 1143 1031 1182 excussi
1060 1151 1149 1182 sunt
1170 1143 1256 1182 libri
1284 1152 1324 1182 ut
1345 1144 1406 1182 vix

86 1226 165 1251 uno
194 1214 363 1251 alterove
392 1214 480 1251 loco
509 1213 639 1251 adhuc
670 1212 825 1251 dubites
854 1213 950 1262 quid
981 1213 1020 1251 in
1050 1227 1291 1264 unoquoque
1321 1214 1408 1253 scri-

86 1290 196 1333 ptum
217 1284 277 1321 vel
305 1282 352 1320 sit
373 1283 431 1320 vel
453 1295 537 1320 esse
557 1281 742 1321 videatur.
803 1283 850 1320 In
874 1282 1007 1332 primis
1030 1283 1081 1321 ab
1102 1296 1149 1321 eo
1169 1283 1232 1321 cui
1254 1285 1405 1322 Bellum

89 1352 353 1402 Hispaniense
373 1353 734 1402 recognoscendum
759 1359 839 1391 erat
865 1352 1048 1392 habenda
1071 1360 1129 1391 est
1149 1360 1186 1392 et
1207 1355 1408 1392 referenda

88 1423 207 1473 gratia
235 1424 434 1461 Bernardo
466 1423 651 1469 Kuebler‚
678 1422 745 1472 qui
774 1422 1070 1462 emendationes
1100 1431 1138 1462 et
1164 1423 1407 1462 coniecturas

89 1492 231 1530 summi
269 1492 337 1530 viri
368 1492 569 1531 Theodori
610 1494 836 1530 Mommsen
875 1492 1060 1542 plurimas
1097 1506 1119 1531 a
1153 1506 1194 1531 se
1228 1492 1408 1543 privatim

90 1568 262 1611 receptas
289 1561 351 1611 pie
378 1561 566 1600 curaverit
592 1569 633 1600 ut
657 1561 823 1611 integras
850 1561 998 1611 publici
1024 1562 1115 1600 iuris
1142 1563 1294 1600 faceret.

146 1633 207 1670 De
236 1631 384 1670 ratione
413 1631 527 1670 huius
563 1631 746 1670 editionis
780 1645 825 1670 ea
854 1644 954 1681 quae
985 1631 1150 1670 breviter
1178 1633 1228 1671 ad
1258 1638 1408 1682 partem

90 1700 257 1751 priorem
296 1702 489 1750 praefatus
532 1714 618 1739 sum
662 1714 742 1740 non
785 1714 884 1750 opus
927 1708 1007 1740 erat
1045 1708 1219 1752 repetere
1257 1701 1331 1739 nisi
1369 1709 1410 1740 ut

91 1771 260 1809 dicerem
291 1784 353 1809 me
385 1770 501 1809 etiam
536 1770 657 1821 magis
689 1769 900 1821 (siquidem
930 1770 1057 1821 potui)
1084 1770 1252 1809 voluisse
1281 1771 1321 1808 in
1350 1770 1410 1808 his

92 1840 197 1879 libris
218 1840 406 1890 integram
431 1854 580 1879 servare
604 1840 788 1879 codicum
814 1840 1052 1887 memoriam,
1076 1840 1144 1878 ubi
1164 1840 1247 1891 ipse
1268 1841 1412 1880 Caesar

92 1912 239 1949 nudam
260 1910 364 1949 illam
386 1918 609 1961 rectamque
629 1910 846 1949 orationem
873 1910 1003 1949 minus
1030 1923 1184 1949 curasse
1204 1910 1408 1957 videretur,

93 1980 228 2019 ceteris
269 1994 359 2018 vero
399 1993 619 2019 sermonem
662 1994 785 2030 usque
825 1980 1104 2031 corruptiorem
1145 1980 1210 2019 alii
1248 1994 1294 2020 ex
1334 1980 1412 2019 alio

94 2050 335 2089 tradentibus
362 2064 539 2089 normam
563 2052 892 2100 qualemcumque
921 2050 990 2089 tibi
1018 2050 1192 2090 finxisses
1217 2050 1412 2090 Caesaria-

97 2133 186 2158 nam
211 2122 347 2159 frustra
370 2120 586 2159 adhiberes.

852 2209 1049 2246 RENATvs
1080 2209 1144 2245 Dv
1176 2209 1355 2246 PONTET.

139 2303 320 2335 Scribebam
338 2304 452 2335 Ventae
468 2303 648 2345 Belgarum
666 2314 773 2336 mense
788 2304 958 2336 Decembri
971 2306 1014 2336 A.
1034 2305 1071 2336 S.
1093 2314 1231 2336 Mocccc.
