1705 2729
621 146 856 183 INCERTI
887 145 1168 183 AVCTORIS

187 265 212 293 2
286 256 329 294 C.
372 256 516 294 Caesar
556 255 722 293 dictator
767 256 889 302 tertio,
932 256 1156 305 designatus
1204 256 1369 295 dictator
1417 265 1554 306 quarto

232 319 363 358 multis
385 320 572 360 †iterante
593 320 733 358 diebus
755 320 967 359 coniectis†
988 334 1077 358 cum
1099 320 1214 358 celeri
1235 320 1484 359 festinatione
1505 322 1560 358 ad

231 384 379 423 bellum
410 384 703 423 conficiendum
725 384 764 422 in
787 384 1023 434 Hispaniam
1047 398 1137 422 cum
1158 384 1337 431 venisset,
1361 384 1556 435 legatique

232 449 522 495 Cordubenses,
565 448 632 498 qui
670 463 693 487 a
731 450 803 487 Cn.
847 448 1038 498 Pompeio
1076 449 1357 496 discessissent,
1398 449 1555 489 Caesari

232 512 389 551 obviam
415 513 621 559 venissent,
652 527 676 551 a
704 513 847 563 quibus
876 513 1129 551 nuntiabatur
1157 522 1351 552 nocturno
1379 521 1556 563 tempore
1576 527 1593 558 5

232 577 425 628 oppidum
474 579 704 617 Cordubam
742 578 830 628 capi
868 592 994 629 posse,
1036 579 1144 628 quod
1183 592 1256 617 nec
1303 578 1556 629 opinantibus

232 643 459 682 adversariis
498 643 581 682 eius
620 643 845 694 provinciae
878 643 1026 694 potitus
1066 651 1178 690 esset,
1215 643 1409 694 simulque
1448 644 1556 694 quod

233 708 452 755 tabellariis,
471 708 539 758 qui
558 722 581 746 a
601 710 673 748 Cn.
694 708 886 758 Pompeio
902 708 1081 759 dispositi
1097 708 1281 746 omnibus
1297 708 1393 747 locis
1413 716 1555 755 essent,

233 772 300 822 qui
329 772 535 811 certiorem
564 774 636 812 Cn.
663 773 897 823 Pompeium
918 775 968 812 de
990 773 1166 812 Caesaris
1190 775 1362 812 adventu
1386 774 1558 812 facerent

197 857 240 877 2.
274 868 280 874 .
314 868 321 875 .
354 839 476 875 multa
514 845 713 887 praeterea
752 837 830 876 veri
869 837 1009 876 similia
1047 838 1330 888 proponebant.
1401 837 1557 886 Quibus
1580 853 1620 876 10

232 901 348 941 rebus
395 903 591 941 adductus
634 916 734 952 quos
776 904 923 952 legatos
961 910 1052 941 ante
1091 902 1274 940 exercitui
1321 904 1559 952 praefecerat

234 968 283 1015 Q.
308 966 474 1005 Pedium
506 974 543 1005 et
574 969 621 1016 Q.
647 967 813 1005 Fabium
846 966 1064 1005 Maximum
1092 968 1142 1005 de
1169 980 1241 1005 suo
1267 968 1439 1005 adventu
1468 967 1559 1005 facit

233 1031 426 1078 certiores,
450 1039 572 1081 utque
593 1031 667 1070 sibi
688 1032 884 1082 equitatus
911 1031 978 1082 qui
1005 1046 1051 1070 ex
1078 1031 1277 1082 provincia
1296 1031 1431 1070 fuisset
1455 1045 1560 1082 prae-

197 1096 335 1138 3sidio
374 1104 484 1135 esset.
558 1098 624 1135 Ad
663 1110 762 1146 quos
801 1096 964 1135 celerius
1003 1109 1122 1146 quam
1161 1096 1234 1146 ipsi
1273 1095 1421 1146 opinati
1469 1105 1560 1135 sunt

233 1161 561 1212 appropinquavit
590 1174 731 1211 neque,
761 1168 803 1200 ut
831 1161 914 1211 ipse
938 1160 1070 1207 voluit,
1103 1160 1320 1210 equitatum
1351 1160 1425 1199 sibi
1454 1175 1560 1212 prae·
1583 1175 1621 1206 15

234 1226 335 1264 sidio
355 1226 502 1264 habuit.

191 1288 215 1327 3
290 1293 381 1328 Erat
406 1290 511 1329 idem
537 1290 723 1340 temporis
749 1292 833 1329 Sex.
860 1290 1070 1340 Pompeius
1098 1291 1212 1328 frater
1239 1291 1306 1340 qui
1335 1305 1425 1330 cum
1456 1305 1561 1342 prae-

235 1355 335 1394 sidio
366 1356 595 1395 Cordubam
626 1356 796 1402 tenebat,
824 1356 932 1405 quod
963 1355 1045 1393 eius
1075 1355 1298 1405 provinciae
1328 1364 1446 1406 caput
1475 1370 1560 1395 esse

235 1420 526 1459 existimabatur
544 1436 553 1468 3
582 1420 665 1470 ipse
686 1428 817 1459 autem
840 1422 911 1460 Cn.
938 1420 1148 1470 Pompeius
1172 1421 1404 1460 adulescens
1427 1422 1560 1461 Uliam

235 1484 428 1535 oppidum
449 1486 703 1535 oppugnabat
731 1493 768 1523 et
795 1487 873 1523 fere
902 1485 979 1522 iam
1010 1485 1158 1534 aliquot
1187 1485 1388 1524 mensibus
1415 1486 1469 1524 ibi
1497 1488 1562 1525 de·
1582 1502 1622 1524 20

200 1562 214 1583 2
236 1549 442 1588 timebatur.
503 1551 595 1598 Quo
626 1564 672 1588 ex
701 1550 850 1600 oppido
877 1549 1035 1599 cognito
1057 1550 1234 1589 Caesaris
1253 1551 1426 1589 adventu
1446 1550 1561 1601 legati

236 1616 336 1652 clam
366 1614 559 1664 praesidia
581 1615 652 1654 Cn.
678 1614 842 1665 Pompei
865 1616 1073 1654 Caesarem
1104 1628 1193 1653 cum
1223 1615 1406 1663 adissent,
1430 1624 1562 1666 petere

236 1686 450 1729 coeperunt
480 1679 536 1717 uti
566 1679 639 1717 sibi
671 1679 798 1729 primo
832 1692 992 1729 quoque
1021 1688 1198 1730 tempore
1229 1680 1448 1719 subsidium
1478 1681 1563 1718 mit-

200 1750 342 1788 3teret.
403 1744 691 1782 Caesar—eam
729 1743 925 1782 civitatem
964 1743 1072 1782 omni
1111 1752 1287 1795 tempore
1325 1745 1473 1795 optime
1511 1746 1562 1783 de

236 1809 384 1857 populo
420 1809 604 1846 Romano
639 1808 816 1846 meritam
855 1809 1170 1848 esse—celeriter
1204 1824 1269 1848 sex
1303 1809 1474 1849 cohortis
1506 1823 1562 1848 se-

200 1892 218 1921 4
237 1874 367 1911 cunda
387 1872 516 1922 vigilia
535 1873 643 1911 iubet
664 1873 868 1923 proficisci,
892 1874 972 1923 pari
1000 1875 1150 1924 equites
1172 1889 1345 1914 numero.
1406 1875 1562 1924 Quibus

237 1936 422 1987 praefecit
460 1937 663 1976 hominem
698 1938 780 1976 eius
814 1938 1038 1988 provinciae
1070 1947 1208 1978 notum
1243 1948 1281 1978 et
1312 1953 1393 1978 non
1425 1953 1562 1990 parum

281 2050 300 2069 2
326 2049 399 2070 cum
424 2039 525 2071 celeri
550 2038 769 2072 festinatione
795 2041 874 2072 A25:
910 2052 983 2072 cum
1001 2043 1124 2073 ceteris
1152 2042 1282 2082 (ceteri’
1310 2043 1352 2082 T)
1379 2042 1563 2074 festinatio-

238 2093 315 2113 nem
340 2082 377 2112 X
476 2084 590 2114 multis
617 2090 695 2115 ante
722 2086 788 2115 iter
817 2085 917 2116 rebus
943 2086 1107 2116 confectis
1132 2086 1343 2126 Hoffmann:
1370 2086 1484 2117 multis
1499 2087 1565 2117 iter

236 2130 316 2156 ante
342 2126 459 2157 diebus
484 2127 629 2158 confecit
654 2138 753 2167 quam
778 2129 946 2162 crederes.
968 2128 1132 2160 festinans
1152 2129 1340 2160 Mommsen
1429 2131 1470 2160 ad
1487 2129 1563 2160 add.

236 2169 349 2199 Aldus
436 2180 455 2209 3
480 2171 513 2200 in
534 2171 698 2210 Hispania
717 2172 930 2203 convenisset
947 2172 981 2202 D
1069 2183 1142 2203 cum
1158 2173 1224 2204 secl.
1242 2173 1432 2213 Hoffmann
1525 2183 1565 2203 10

236 2213 394 2243 lacunam
411 2213 456 2244 ita
474 2215 575 2254 explet
592 2214 800 2247 Mommsen:
826 2216 900 2254 ipse
918 2225 1013 2246 suum
1032 2217 1105 2246 eius
1129 2217 1292 2247 adventus
1320 2220 1444 2247 metum
1461 2215 1564 2255 signi·

237 2256 373 2286 ficasset
463 2267 501 2296 13
519 2258 637 2288 suisset
656 2258 749 2290 DT‘:
775 2259 911 2290 fecisset
928 2258 1012 2289 LU:
1031 2259 1155 2289 issetF
1240 2270 1279 2299 19
1305 2259 1432 2300 Uliam]
1452 2259 1563 2290 Ullam

237 2298 275 2328 X
296 2300 371 2329 item
397 2305 524 2339 semper
624 2311 667 2331 20
689 2302 759 2332 fere
780 2301 835 2331 X:
871 2312 975 2338 opere
1002 2302 1160 2332 Flessclzer
1277 2313 1316 2341 23
1341 2303 1564 2342 interpunctio-

239 2353 312 2372 nem
329 2343 426 2373 habes
443 2343 716 2384 Nipperdeianant
734 2356 739 2375 z
765 2344 937 2376 Schneider
951 2349 980 2374 cl
995 2344 1133 2375 Dz‘ibncr
1151 2345 1299 2376 mitteret
1317 2346 1442 2376 Caesar
1457 2358 1464 2377 :
1492 2356 1564 2376 cam

238 2387 430 2426 scripserunt
