1705 2729
619 120 856 158 INCERTI
887 120 1170 159 AVCTORIS

234 232 404 280 Longus,
427 230 493 281 qui
516 230 754 269 Hadrumeti
775 244 865 270 cum
887 232 1041 270 duabus
1063 231 1282 281 legionibus
1303 240 1341 272 et
1361 233 1559 284 equitibus

233 307 311 333 DCC
342 303 527 345 praeerat,
564 295 738 334 celeriter
772 295 826 335 ibi
860 304 967 347 parte
1001 297 1167 347 praesidi
1201 297 1334 337 relicta
1363 312 1453 337 cum
1484 311 1558 337 V111

193 359 461 403 4cohortibus
499 360 551 398 ad
585 361 764 409 Acyllam
799 360 853 399 ire
898 361 1112 400 contendit.
1184 362 1355 401 Messius
1396 363 1560 402 celerius

232 424 367 462 itinere
397 425 579 463 confecto
612 424 716 475 prior
749 426 927 475 Acyllam
975 439 1066 464 cum
1111 426 1338 465 cohortibus
1372 427 1556 476 pervenit.

193 497 211 529 5
233 488 444 528 Considius
469 489 623 527 interim
648 503 738 528 cum
762 491 813 529 ad
838 491 974 529 urbem
1002 504 1092 529 cum
1120 491 1242 541 copiis
1265 491 1492 530 accessisset
1521 500 1560 531 et
1580 502 1598 534 5

231 553 568 593 animadvertisset
587 554 825 604 praesidium
843 555 1020 595 Caesaris
1041 555 1094 594 ibi
1116 569 1210 603 esse,
1227 569 1307 594 non
1326 570 1444 595 ausus
1464 557 1560 607 peri-

230 620 363 657 culum
380 632 539 657 suorum
556 620 682 658 facere
698 621 805 658 nulla
820 634 859 658 re
875 627 983 670 gesta
998 633 1068 670 pro
1085 620 1336 659 multitudine
1352 621 1559 660 hominurn

231 696 359 721 rursus
381 696 421 721 se
444 684 737 722 Hadrumetum
763 684 932 734 recepit,
963 684 1119 732 deinde,
1142 685 1277 735 paucis
1303 693 1392 735 post
1419 685 1559 724 diebus

231 747 475 797 equestribus
506 748 628 797 copiis
658 761 681 786 a
711 748 889 787 Labieno
931 749 1123 797 adductis,
1160 762 1290 788 rursus
1316 749 1558 800 Acyllitanos

230 811 363 850 castris
384 811 519 862 positis
540 812 721 851 obsidere
742 813 881 862 coepit.
1580 824 1620 847 10

160 877 211 915 34
285 878 358 914 Per
391 876 431 915 id
465 884 619 927 tempus
650 878 693 916 C.
718 877 921 916 Sallustius
952 878 1124 928 Crispus,
1156 892 1274 929 quem
1303 878 1438 928 paucis
1468 886 1559 918 ante

230 940 370 980 diebus
397 940 560 979 missum
580 955 603 980 a
624 943 791 981 Caesare
816 955 906 980 cum
933 944 1056 982 classe
1081 943 1447 991 demonstravimus,
1470 945 1560 984 Cer-

194 1025 208 1045 2
231 1007 359 1045 cinam
389 1007 574 1058 pervenit.
635 1008 758 1048 Cuius
787 1009 959 1047 adventu
990 1010 1033 1049 C.
1068 1009 1271 1048 Decimius
1301 1009 1556 1060 quaestorius,

230 1072 297 1122 qui
328 1072 382 1110 ibi
414 1085 504 1110 cum
535 1072 671 1123 grandi
703 1073 871 1112 familiae
903 1087 995 1112 suae
1026 1074 1221 1124 praesidio
1252 1082 1426 1125 praeerat
1454 1088 1559 1113 com-

231 1137 386 1184 meatui,
410 1139 613 1187 parvulum
644 1137 842 1188 navigium
871 1146 1009 1177 nactus
1039 1139 1270 1178 conscendit
1299 1153 1344 1178 ac
1374 1153 1415 1178 se
1444 1141 1558 1190 fugae
1584 1154 1590 1175 ι
1599 1154 1616 1186 5

194 1216 210 1246 3
229 1204 493 1241 commendat.
553 1202 757 1241 Sallustius
791 1203 945 1242 interim
977 1212 1131 1254 praetor
1160 1218 1184 1243 a
1215 1204 1473 1244 Cercinitanis
1505 1219 1558 1244 re-

230 1275 366 1317 ceptus
406 1280 548 1317 magno
588 1281 752 1307 numero
787 1268 970 1307 frumenti
1004 1269 1164 1308 invento
1203 1269 1311 1308 navis
1350 1270 1556 1318 onerarias,

230 1345 395 1382 quarum
422 1332 476 1371 ibi
504 1332 595 1370 satis
623 1346 764 1383 magna
790 1333 905 1383 copia
932 1333 1012 1381 fuit,
1037 1335 1209 1384 complet
1235 1341 1354 1384 atque
1374 1334 1413 1372 in
1434 1342 1559 1374 castra

191 1410 211 1441 4
229 1397 281 1435 ad
300 1398 511 1437 Caesarem
541 1396 668 1436 mittit.
728 1397 891 1437 Alienus
916 1398 1070 1438 interim
1095 1412 1165 1449 pro
1185 1401 1347 1438 consule
1369 1399 1557 1450 Lilybaeo

230 1461 269 1499 in
290 1461 398 1500 navis
418 1461 612 1500 onerarias
636 1461 804 1513 imponit
830 1462 1025 1513 legionem
1046 1476 1135 1502 xm.
1159 1472 1197 1502 et
1217 1477 1323 1502 X1111.
1347 1471 1385 1503 et
1406 1464 1557 1514 equites
1578 1479 1618 1501 20

231 1527 365 1564 Gallos
382 1537 497 1573 DCCC,
515 1526 759 1566 funditorum
776 1527 1139 1578 sagittariorumque
1155 1528 1260 1567 mille
1275 1542 1322 1568 ac
1338 1530 1557 1568 secundum

191 1607 209 1638 5
230 1598 496 1630 commeatum
527 1590 566 1629 in
587 1591 760 1631 Africam
791 1592 908 1631 mittit
937 1595 988 1632 ad
1018 1594 1238 1633 Caesarem.
1299 1595 1413 1643 Quae
1439 1607 1557 1632 naves

229 1663 390 1694 ventum
429 1657 649 1694 secundum
688 1663 826 1695 nactae
860 1665 998 1707 quarto
1031 1658 1096 1696 die
1129 1658 1169 1696 in
1202 1665 1360 1709 portum
1393 1659 1444 1697 ad
1479 1660 1558 1696 Ru-

229 1720 392 1770 spinam,
416 1720 484 1759 ubi
505 1722 649 1761 Caesar
675 1729 799 1760 castra
826 1723 1025 1770 habuerat,
1048 1723 1265 1762 incolumes
1286 1732 1554 1774 pervenerunt.

189 1791 210 1823 6
230 1787 291 1824 Ita
312 1787 456 1825 Caesar
476 1786 623 1836 duplici
643 1786 788 1825 laetitia
807 1800 852 1825 ac
873 1789 1073 1838 voluptate
1100 1801 1180 1827 uno
1207 1796 1383 1839 tempore
1406 1796 1554 1836 auctus,
1579 1804 1615 1835 25

229 1852 424 1889 frumento
445 1850 688 1901 auxiliisque,
704 1852 864 1890 tandem
886 1852 964 1891 suis
985 1852 1155 1891 hilaratis
1175 1866 1412 1904 annonaque
1432 1855 1557 1892 levata

229 1915 533 1954 sollicitudinem
555 1916 728 1966 deponit,
744 1916 916 1967 legiones
933 1917 1163 1968 equitesque
1184 1932 1230 1957 ex
1250 1918 1414 1957 navibus
1435 1932 1558 1968 egres-

229 1992 292 2018 sos
308 1979 416 2018 iubet
433 1994 478 2018 ex
494 1982 679 2031 languore
700 1995 925 2032 nauseaque
945 1983 1114 2030 reficere,
1136 1982 1318 2022 dimissos
1339 1983 1379 2021 in
1399 1985 1558 2022 castella

229 2044 547 2095 munitionesque
576 2045 759 2096 disponit.

272 2148 294 2178 6
318 2148 501 2187 periculum
528 2159 663 2180 suorum
688 2149 788 2180 DT':
812 2149 959 2191 periculo
982 2159 1044 2181 suo
1062 2160 1131 2181 rem
1155 2149 1208 2181 L:
1239 2150 1392 2190 periculo
1416 2161 1556 2183 suorum
1605 2151 1607 2153 ’

230 2200 300 2222 rem
320 2191 361 2222 U'
489 2203 523 2223 11
550 2194 639 2223 idem
657 2193 689 2223 F
812 2203 850 2223 12
875 2193 1050 2224 Cercinam
1068 2193 1138 2225 edd.
1153 2205 1159 2224 :
1184 2193 1366 2225 Cerninam
1383 2194 1420 2225 X
1518 2206 1556 2234 14

230 2233 352 2265 familia
370 2240 525 2275 praeerat
544 2236 711 2276 praesidio
730 2238 929 2268 commeatui
952 2237 982 2267 T
1142 2246 1178 2276 17
1204 2237 1359 2276 invento]
1378 2243 1412 2269 et
1436 2238 1504 2269 vini
1521 2238 1557 2269 D

233 2288 271 2317 19
295 2279 476 2317 proconsul
490 2290 508 2310 e
521 2279 662 2319 Lilybeo
673 2279 749 2310 DL'
813 2280 964 2319 Lilybaei
974 2279 1144 2311 Schneider
1231 2292 1270 2312 21
1289 2282 1440 2323 mille]00
1456 2281 1534 2312 DL'
1549 2293 1555 2312 :

231 2331 269 2352 co
292 2321 335 2352 T:
361 2333 428 2353 om.
450 2322 481 2351 V
603 2324 644 2354 26
668 2323 829 2354 hilaratus
846 2323 888 2353 L'
996 2334 1200 2364 annonaque
1217 2324 1360 2356 Davies:
1383 2335 1554 2357 annonae-

231 2375 297 2404 que
314 2364 355 2394 L'
371 2377 377 2396 :
400 2369 509 2396 errant
523 2369 586 2398 cett.
723 2368 765 2396 23
789 2367 913 2398 divisos
930 2366 1106 2408 szfiperdejy
