1638 2729
549 569 977 620 PRAEFATIO

156 738 251 776 CVM
273 736 311 774 in
329 735 629 776 Commentariis
646 736 695 773 de
714 736 823 773 Bello
838 735 951 774 Civili
970 736 1013 774 C.
1034 735 1109 773 Iuli
1127 736 1312 783 Caesaris,
1329 737 1422 775 item

102 814 318 845 ceterorum
346 805 412 855 qui
444 819 510 843 eos
540 804 822 854 supplementis
851 812 1051 851 auxerunt,
1075 805 1259 843 deficiant
1286 819 1423 845 omnes

102 875 258 914 codices
287 874 369 913 eius
399 874 566 913 familiae
596 874 658 912 cui
688 882 822 912 notam
852 874 1023 923 integrae
1052 874 1234 924 apposuit
1260 877 1423 915 Carolus

102 945 337 995 Nipperdey,
374 952 489 983 restat
523 952 565 982 ut
594 944 648 982 eis
681 944 885 982 codicibus
914 943 1054 994 largius
1088 952 1243 982 utamur
1273 945 1350 995 qui,
1383 954 1424 984 ut

101 1014 331 1064 interpolati,
364 1014 402 1051 in
434 1014 683 1053 recensendis
718 1013 1007 1052 commentariis
1043 1015 1093 1052 de
1126 1016 1236 1053 Bello
1272 1016 1423 1055 Gallico

101 1097 180 1122 non
208 1083 281 1122 nisi
305 1083 566 1133 supplementi
588 1085 676 1121 loco
703 1083 918 1121 adhibendi
940 1083 1182 1122 videbantur.
1244 1086 1422 1134 Quorum

101 1167 122 1191 e
142 1154 254 1192 turba
274 1160 424 1192 exstant
445 1152 614 1191 melioris
636 1160 752 1191 notae
773 1165 839 1191 sex
859 1152 898 1190 hi
916 1167 921 1189 :

99 1240 138 1274 D
154 1255 187 1268 =
204 1240 319 1274 codex
356 1240 622 1274 Laurentianus
658 1240 1029 1274 Ashburnhamianus
1064 1249 1119 1284 33,
1156 1251 1251 1275 saec.
1286 1249 1313 1275 X
1350 1242 1422 1282 (alii

191 1294 290 1337 noni,
312 1293 371 1328 alii
397 1293 579 1328 undecimi
605 1305 687 1328 esse
714 1293 902 1338 iudicant).

98 1351 182 1384 F=
199 1349 313 1384 codex
349 1349 582 1384 Florentinus
624 1348 890 1383 Riccardianus
929 1357 1004 1393 541,
1045 1360 1138 1384 saec.
1183 1358 1226 1384 XI
1266 1352 1321 1385 vel
1360 1360 1419 1386 XII

191 1406 360 1441 ineuntis.

98 1463 130 1497 L
147 1478 180 1490 =
198 1462 314 1496 codex
333 1462 525 1496 Mediceus
545 1462 811 1496 Laurentianus
831 1462 851 1496 8
870 1462 957 1506 plut.
977 1462 1032 1505 68,
1052 1473 1147 1497 saec.
1167 1471 1312 1499 X1—X11.

105 1517 183 1551 T=
201 1517 316 1551 codex
335 1516 447 1551 Paris.
470 1518 549 1551 Lat.
572 1517 661 1561 5764
682 1516 924 1560 (Thuaneus),
945 1528 1039 1553 saec,
1059 1526 1115 1551 XI.

105 1572 186 1606 U=
204 1572 317 1605 codex
330 1571 531 1606 Vaticanus
551 1581 642 1615 3324
662 1571 929 1616 (Ursinianus),
949 1583 1043 1606 saec.
1064 1580 1208 1607 XI-XII.

108 1626 181 1660 V=
199 1626 312 1660 codex
326 1625 625 1660 vindobonensis
643 1635 700 1670 95,
721 1638 815 1660 saec.
836 1634 896 1660 XII
917 1626 1080 1660 exeuntis
1094 1625 1118 1660 ¹.

153 1707 308 1743 Horum
336 1704 519 1743 codicum
547 1718 636 1742 cum
668 1705 759 1743 satis
789 1712 942 1743 constat
969 1707 1119 1744 nullum
1148 1720 1194 1745 ex
1220 1706 1296 1745 alio
1323 1714 1421 1745 tran-

97 1775 282 1825 scriptum
304 1788 398 1822 esse,
419 1781 502 1813 tum
525 1776 751 1813 lacunarum
773 1775 906 1813 habita
926 1775 1074 1814 ratione
1094 1778 1154 1814 vel
1175 1778 1262 1815 luce
1282 1776 1418 1815 clarius

143 1878 150 1895 ¹
175 1877 391 1908 Adhibentur
408 1878 508 1908 etiam
532 1879 728 1917 quibusdam
752 1878 835 1908 locis
855 1878 910 1908 ubi
928 1888 1042 1908 veram
1063 1888 1219 1910 servasse
1239 1878 1419 1910 lectionem

96 1930 252 1960 videntur
268 1929 343 1959 libri
362 1929 528 1960 inferioris
546 1934 645 1960 notae
663 1930 696 1960 hi
713 1941 720 1960 :

96 1986 116 2011 λ
136 1997 161 2006 =
180 1981 286 2012 codex
311 1981 486 2011 Leidensis
512 1982 553 2020 38
578 1992 611 2018 D,
638 1992 725 2012 saec.
749 1991 809 2021 xn,
837 1992 880 2011 ex
904 1981 1068 2012 Thuaneo
1093 1981 1327 2021 transcriptus,
1350 1992 1419 2012 non

140 2043 319 2072 numquam
335 2033 461 2071 optime
479 2034 688 2063 emendatus.

96 2088 124 2114 Δ
146 2101 166 2110 =
187 2085 294 2115 codex
323 2084 530 2115 Dresdensis
562 2095 632 2124 122y
659 2094 746 2115 saec.
775 2094 843 2123 X1V‚
863 2085 920 2123 qui
944 2085 985 2114 ab
1008 2083 1035 2113 L
1060 2084 1196 2124 pendet,
1223 2095 1266 2114 ex
1290 2084 1325 2114 D
1347 2094 1417 2115 cor-

141 2141 251 2167 rectus
267 2137 410 2167 videtur.

96 2188 112 2217 δ
133 2203 155 2213 =
176 2189 280 2218 codex
299 2188 502 2218 Dresdensis
519 2188 571 2226 83,
590 2198 675 2218 saec.
697 2198 768 2227 xw,
785 2188 826 2218 ab
841 2187 875 2217 D
892 2188 1055 2227 pendens.

139 2238 252 2269 Ceteri
276 2239 473 2270 recentioris
493 2239 612 2269 aetatis
629 2239 682 2269 vel
700 2239 868 2270 inferioris
892 2243 992 2269 notae
1015 2238 1148 2269 codices
1165 2238 1210 2269 ita
1227 2237 1416 2278 perscripto

96 2291 292 2331 plerumque
309 2293 445 2322 nomine
463 2292 695 2331 significantur
711 2296 746 2322 ut
763 2292 858 2322 facile
874 2296 1109 2331 agnoscantur.
