1705 2729
600 121 644 159 C.
679 121 792 158 IVLI
827 122 1095 159 CAESARIS

188 232 226 270 in
251 232 377 282 primo
398 245 608 282 congressu
630 232 779 270 circiter
806 244 888 270 Lxx
910 233 1146 281 ceciderunt,
1168 233 1207 272 in
1234 233 1293 272 his
1316 236 1363 283 Q.
1389 235 1514 286 Fulgi-

188 297 274 335 nius
304 311 349 335 ex
378 297 505 347 primo
530 298 684 335 hastato
713 297 876 346 legionis
907 310 1026 344 X1111.‚
1051 298 1117 347 qui
1147 306 1304 349 propter
1330 299 1512 338 eximiam

187 360 366 399 virtutem
388 375 434 399 ex
454 360 700 400 inferioribus
717 361 921 400 ordinibus
942 362 980 399 in
999 375 1087 400 eum
1110 364 1240 400 locum
1262 372 1488 413 pervenerat
1503 379 1514 412 3

148 435 164 466 5
186 427 436 464 vulnerantur
482 426 650 476 amplius
696 438 757 464 DC.
851 429 909 465 Ex
955 427 1177 465 Afranianis
1231 428 1513 468 interficiuntur

185 492 230 528 T.
255 491 459 538 Caecilius,
483 491 596 541 primi
617 492 684 542 pili
705 492 892 540 centurio,
916 501 953 531 et
983 500 1134 544 praeter
1153 507 1243 532 eum
1265 494 1512 534 centuriones

186 568 260 603 1111,
284 557 425 595 milites
445 557 613 608 amplius
633 569 692 596 CC.

113 627 163 666 47
239 622 315 659 Sed
337 623 434 660 haec
455 622 537 660 eius
565 622 643 661 diei
670 624 883 672 praefertur
907 623 1052 673 opinio,
1077 631 1118 662 ut
1148 637 1189 662 se
1219 624 1373 674 utrique
1402 637 1512 674 supe-

148 700 162 720 2
185 685 302 723 riores
332 686 557 726 discessisse
588 687 875 726 existimarent:
919 688 1132 735 Afraniani,
1164 690 1271 738 quod
1302 702 1392 727 cum
1427 702 1512 727 esse

184 751 361 788 omnium
398 752 543 790 iudicio
579 752 778 791 inferiores
811 752 1044 800 viderentur,
1077 753 1298 792 comminus
1332 762 1411 791 tam
1442 753 1510 792 diu

183 815 380 853 stetissent
423 823 460 854 et
503 824 725 855 nostrorum
769 817 959 867 impetum
999 818 1273 856 sustinuissent
1318 827 1355 856 et
1398 818 1509 856 initio

184 882 314 919 locum
342 883 618 932 tumulumque
645 882 861 921 tenuissent
889 896 989 932 quae
1016 896 1133 921 causa
1158 883 1359 933 pugnandi
1387 885 1509 921 fuerat

95 964 100 968 «
148 959 164 989 3
184 952 221 983 et
242 953 395 984 nostros
419 946 546 995 primo
573 959 784 996 congressu
812 955 917 996 terga
943 955 1090 985 vertere
1117 947 1335 997 coegissent
1350 962 1360 995 3
1389 947 1509 985 nostri

182 1019 324 1058 autern,
358 1012 466 1061 quod
496 1011 633 1061 iniquo
668 1013 757 1050 loco
790 1019 908 1061 atque
942 1012 1079 1062 impari
1114 1012 1310 1061 congressi
1345 1025 1509 1050 numero

183 1075 356 1125 quinque
378 1075 481 1114 horis
507 1075 698 1125 proelium
726 1075 1008 1123 sustinuissent,
1033 1077 1141 1126 quod
1169 1083 1345 1115 montem
1371 1076 1508 1126 gladiis

183 1139 375 1178 destrictis
396 1140 677 1187 ascendissent,
701 1142 809 1190 quod
830 1154 876 1179 ex
896 1142 984 1179 loco
1005 1140 1203 1190 superiore
1229 1148 1335 1191 terga
1360 1149 1508 1179 vertere

143 1218 164 1248 4
182 1204 423 1243 adversarios
444 1205 663 1255 coegissent
683 1213 802 1255 atque
823 1205 860 1243 in
882 1205 1073 1255 oppidum
1095 1206 1387 1256 compulissent.
1447 1205 1508 1243 Illi

182 1282 273 1308 eum
316 1271 510 1307 tumulum
556 1283 626 1318 pro
664 1283 744 1319 quo
783 1277 999 1319 pugnatum
1038 1277 1095 1308 est
1135 1270 1285 1319 magnis
1324 1269 1507 1320 operibus

182 1334 431 1373 muniverunt
452 1342 489 1372 et
510 1334 748 1384 praesidium
769 1334 822 1372 ibi
844 1342 1067 1384 posuerunt.

109 1395 161 1443 48
236 1399 392 1437 Accidit
413 1398 529 1437 etiam
551 1398 799 1448 repentinum
827 1398 1125 1437 incommodum
1155 1398 1276 1438 biduo
1303 1412 1382 1449 quo
1410 1400 1507 1437 haec

180 1472 287 1513 gesta
322 1471 420 1502 sunt.
481 1465 610 1501 Tanta
644 1463 747 1501 enim
778 1471 990 1513 tempestas
1019 1463 1189 1502 cooritur
1218 1471 1259 1502 ut
1289 1477 1505 1513 numquam

144 1545 158 1566 2
180 1528 254 1566 illis
284 1528 379 1566 locis
408 1527 573 1566 maiores
601 1541 723 1577 aquas
753 1527 870 1566 fuisse
900 1536 1104 1566 constaret.
1165 1530 1268 1566 Tum
1300 1536 1430 1567 autem
1461 1542 1507 1566 ex

181 1592 365 1630 omnibus
393 1592 594 1630 montibus
622 1592 729 1630 nives
757 1592 900 1642 proluit
928 1605 974 1630 ac
1004 1606 1177 1631 summas
1207 1593 1308 1643 ripas
1335 1593 1506 1631 fluminis

179 1657 374 1708 superavit
400 1657 611 1707 pontisque
637 1657 777 1695 ambos
805 1671 903 1707 quos
929 1658 972 1696 C.
998 1657 1142 1695 Fabius
1169 1659 1311 1696 fecerat
1339 1671 1418 1696 uno
1442 1657 1507 1696 die

142 1732 159 1762 3
178 1721 391 1772 interrupit.
452 1722 566 1770 Quae
587 1735 646 1759 res
667 1735 828 1771 magnas
849 1722 1096 1760 difficultates
1124 1722 1307 1760 exercitui
1328 1722 1505 1761 Caesaris

177 1787 315 1825 attulit.
394 1788 531 1826 Castra
569 1786 686 1833 enim,
723 1794 765 1825 ut
804 1800 920 1836 supra
958 1788 1269 1825 demonstratum
1308 1795 1376 1834 est,
1413 1801 1503 1826 cum

177 1859 307 1889 essent
328 1851 427 1889 inter
447 1850 609 1889 flumina
629 1852 720 1897 duo,
745 1851 908 1889 Sicorim
934 1858 971 1889 et
999 1851 1175 1900 Cingam,
1200 1851 1326 1901 spatio
1353 1851 1502 1890 milium

177 1927 277 1962 xxx,
302 1923 483 1953 neutrum
508 1916 648 1953 horum
677 1915 827 1953 transiri
855 1923 1015 1965 poterat,
1040 1916 1339 1966 necessarioque
1365 1929 1502 1954 omnes

138 1991 158 2021 4
177 1980 236 2018 his
257 1979 443 2029 angustiis
465 1979 777 2018 continebantur.
839 1981 979 2029 Neque
1004 1980 1178 2018 civitates
1205 1994 1305 2030 quae
1330 1982 1381 2019 ad
1408 1981 1503 2020 Cae-

176 2044 269 2082 saris
293 2043 505 2081 amicitiam
532 2051 777 2082 accesserant
805 2045 1042 2082 frumentum
1070 2052 1298 2094 supportare
1318 2058 1446 2095 neque
1467 2046 1502 2084 ei

175 2108 241 2157 qui
263 2108 492 2157 pabulatum
514 2108 666 2158 longius
694 2108 885 2158 progressi
912 2108 1244 2159 erantlinterclusi
1274 2110 1501 2148 fluminibus

174 2173 312 2210 reverti
346 2186 475 2222 neque
510 2172 667 2210 maximi
702 2180 946 2211 commeatus
976 2173 1043 2222 qui
1075 2186 1121 2211 ex
1153 2174 1265 2211 Italia
1295 2174 1501 2223 Galliaque

137 2245 152 2275 5
174 2237 384 2275 veniebant
405 2237 443 2274 in
465 2244 588 2275 castra
609 2237 809 2286 pervenire
830 2245 1032 2287 poterant„
1073 2239 1248 2287 Tempus
1269 2245 1349 2275 erat
1368 2246 1500 2276 autern

217 2351 257 2379 23
281 2341 396 2412 {rubos
413 2340 551 2370 D‘VF2:
578 2341 675 2371 ambo
694 2339 770 2370 L'T
876 2351 913 2379 31
942 2346 1147 2371 commeatus
1168 2340 1367 2372 Beroaldus:
1401 2343 1500 2372 comi-

173 2388 258 2414 tatus
277 2401 290 2412 A

1531 508 1549 539 5

1530 829 1571 851 10

1527 1472 1567 1495 20

1524 1796 1562 1827 25

1523 2117 1562 2147 30
