<?xml version="1.0" encoding="UTF-8"?>
<!DOCTYPE html PUBLIC "-//W3C//DTD XHTML 1.0 Transitional//EN"
    "http://www.w3.org/TR/xhtml1/DTD/xhtml1-transitional.dtd">
<html xmlns="http://www.w3.org/1999/xhtml" xml:lang="en" lang="en">
 <head>
  <title>
</title>
<meta http-equiv="Content-Type" content="text/html;charset=utf-8" />
  <meta name='ocr-system' content='tesseract 3.04.00' />
  <meta name='ocr-capabilities' content='ocr_page ocr_carea ocr_par ocr_line ocrx_word'/>
</head>
<body>
  <div class='ocr_page' id='page_1' title='image "./commentariorumpa02caesuoft_0148.png"; bbox 0 0 1705 2729; ppageno 0'>
   <div class='ocr_carea' id='block_1_1' title="bbox 603 126 1100 165">
    <p class='ocr_par' dir='ltr' id='par_1_1' title="bbox 603 126 1100 165">
     <span class='ocr_line' id='line_1_1' title="bbox 603 126 1100 165; baseline -0.004 0"><span class='ocrx_word' id='word_1_1' title='bbox 603 126 646 165; x_wconf 91' lang='lat' dir='ltr'><strong>C.</strong></span> <span class='ocrx_word' id='word_1_2' title='bbox 682 127 797 163; x_wconf 89' lang='lat' dir='ltr'>IVLI</span> <span class='ocrx_word' id='word_1_3' title='bbox 832 126 1100 164; x_wconf 81' lang='lat' dir='ltr'>CAESARIS</span> 
     </span>
    </p>
   </div>
   <div class='ocr_carea' id='block_1_2' title="bbox 90 238 1516 2422">
    <p class='ocr_par' dir='ltr' id='par_1_2' title="bbox 90 238 1516 2422">
     <span class='ocr_line' id='line_1_2' title="bbox 187 238 1514 291; baseline 0.002 -15"><span class='ocrx_word' id='word_1_4' title='bbox 187 246 318 277; x_wconf 87' lang='lat' dir='ltr'><strong>tamen</strong></span> <span class='ocrx_word' id='word_1_5' title='bbox 348 238 565 277; x_wconf 86' lang='lat' dir='ltr'><strong>munitione</strong></span> <span class='ocrx_word' id='word_1_6' title='bbox 593 240 739 276; x_wconf 86' lang='lat' dir='ltr'><strong>fiumen</strong></span> <span class='ocrx_word' id='word_1_7' title='bbox 766 252 788 276; x_wconf 86' lang='lat' dir='ltr'><strong>a</strong></span> <span class='ocrx_word' id='word_1_8' title='bbox 817 246 949 277; x_wconf 87' lang='lat' dir='ltr'><strong>monte</strong></span> <span class='ocrx_word' id='word_1_9' title='bbox 975 239 1141 286; x_wconf 75' lang='lat' dir='ltr'>seclusit,</span> <span class='ocrx_word' id='word_1_10' title='bbox 1166 253 1214 278; x_wconf 92' lang='lat' dir='ltr'><strong>ne</strong></span> <span class='ocrx_word' id='word_1_11' title='bbox 1242 249 1360 279; x_wconf 90' lang='lat' dir='ltr'><strong>noctu</strong></span> <span class='ocrx_word' id='word_1_12' title='bbox 1381 241 1514 291; x_wconf 86' lang='lat' dir='ltr'><strong>aquari</strong></span> 
     </span>
     <span class='ocr_line' id='line_1_3' title="bbox 144 303 1516 353; baseline 0.005 -15"><span class='ocrx_word' id='word_1_13' title='bbox 144 309 160 338; x_wconf 81' lang='lat'>5</span> <span class='ocrx_word' id='word_1_14' title='bbox 190 303 419 353; x_wconf 85' lang='lat' dir='ltr'><strong>Pompeiani</strong></span> <span class='ocrx_word' id='word_1_15' title='bbox 448 310 617 352; x_wconf 81' lang='lat' dir='ltr'><strong>possent.</strong></span> <span class='ocrx_word' id='word_1_16' title='bbox 679 304 771 351; x_wconf 85' lang='lat' dir='ltr'><strong>Quo</strong></span> <span class='ocrx_word' id='word_1_17' title='bbox 802 304 973 352; x_wconf 83' lang='lat' dir='ltr'><strong>perfecto</strong></span> <span class='ocrx_word' id='word_1_18' title='bbox 1005 317 1122 353; x_wconf 86' lang='lat' dir='ltr'><strong>opere</strong></span> <span class='ocrx_word' id='word_1_19' title='bbox 1152 303 1205 341; x_wconf 91' lang='lat' dir='ltr'><strong>illi</strong></span> <span class='ocrx_word' id='word_1_20' title='bbox 1235 306 1284 343; x_wconf 84' lang='lat' dir='ltr'><strong>de</strong></span> <span class='ocrx_word' id='word_1_21' title='bbox 1314 305 1516 345; x_wconf 84' lang='lat' dir='ltr'><strong>deditione</strong></span> 
     </span>
     <span class='ocr_line' id='line_1_4' title="bbox 188 367 1515 420; baseline 0.002 -15"><span class='ocrx_word' id='word_1_22' title='bbox 188 367 314 406; x_wconf 88' lang='lat' dir='ltr'><strong>missis</strong></span> <span class='ocrx_word' id='word_1_23' title='bbox 335 367 470 416; x_wconf 81' lang='lat' dir='ltr'><strong>legatis</strong></span> <span class='ocrx_word' id='word_1_24' title='bbox 494 380 607 417; x_wconf 85' lang='lat' dir='ltr'><strong>agere</strong></span> <span class='ocrx_word' id='word_1_25' title='bbox 635 375 858 417; x_wconf 86' lang='lat' dir='ltr'><strong>coeperunt.</strong></span> <span class='ocrx_word' id='word_1_26' title='bbox 921 367 1039 406; x_wconf 82' lang='lat' dir='ltr'>Pauci</span> <span class='ocrx_word' id='word_1_27' title='bbox 1061 368 1207 406; x_wconf 85' lang='lat' dir='ltr'>ordinis</span> <span class='ocrx_word' id='word_1_28' title='bbox 1234 370 1427 416; x_wconf 84' lang='lat' dir='ltr'><strong>senatorii,</strong></span> <span class='ocrx_word' id='word_1_29' title='bbox 1448 370 1515 420; x_wconf 83' lang='lat' dir='ltr'><strong>qui</strong></span> 
     </span>
     <span class='ocr_line' id='line_1_5' title="bbox 187 431 1417 483; baseline 0.002 -14"><span class='ocrx_word' id='word_1_30' title='bbox 187 446 227 470; x_wconf 87' lang='lat' dir='ltr'><strong>se</strong></span> <span class='ocrx_word' id='word_1_31' title='bbox 249 446 339 470; x_wconf 89' lang='lat' dir='ltr'><strong>cum</strong></span> <span class='ocrx_word' id='word_1_32' title='bbox 362 432 420 469; x_wconf 86' lang='lat' dir='ltr'><strong>his</strong></span> <span class='ocrx_word' id='word_1_33' title='bbox 443 431 735 477; x_wconf 84' lang='lat' dir='ltr'><strong>coniunxerant,</strong></span> <span class='ocrx_word' id='word_1_34' title='bbox 756 439 872 470; x_wconf 92' lang='lat' dir='ltr'><strong>nocte</strong></span> <span class='ocrx_word' id='word_1_35' title='bbox 893 433 982 482; x_wconf 85' lang='lat' dir='ltr'><strong>fuga</strong></span> <span class='ocrx_word' id='word_1_36' title='bbox 1003 434 1167 471; x_wconf 84' lang='lat' dir='ltr'><strong>salutem</strong></span> <span class='ocrx_word' id='word_1_37' title='bbox 1189 433 1417 483; x_wconf 87' lang='lat' dir='ltr'><strong>petiverunt.</strong></span> 
     </span>
     <span class='ocr_line' id='line_1_6' title="bbox 106 490 1516 546; baseline -0.001 -9"><span class='ocrx_word' id='word_1_38' title='bbox 106 490 162 537; x_wconf 89' lang='grc'><strong>98</strong></span> <span class='ocrx_word' id='word_1_39' title='bbox 241 498 386 536; x_wconf 81' lang='lat' dir='ltr'><strong>Caesar</strong></span> <span class='ocrx_word' id='word_1_40' title='bbox 412 496 536 546; x_wconf 82' lang='lat' dir='ltr'><strong>prima</strong></span> <span class='ocrx_word' id='word_1_41' title='bbox 563 498 650 534; x_wconf 91' lang='lat' dir='ltr'><strong>luce</strong></span> <span class='ocrx_word' id='word_1_42' title='bbox 677 495 804 534; x_wconf 89' lang='lat' dir='ltr'><strong>omnis</strong></span> <span class='ocrx_word' id='word_1_43' title='bbox 835 510 902 535; x_wconf 91' lang='lat' dir='ltr'><strong>eos</strong></span> <span class='ocrx_word' id='word_1_44' title='bbox 930 496 996 546; x_wconf 91' lang='lat' dir='ltr'><strong>qui</strong></span> <span class='ocrx_word' id='word_1_45' title='bbox 1024 496 1062 534; x_wconf 90' lang='lat' dir='ltr'><strong>in</strong></span> <span class='ocrx_word' id='word_1_46' title='bbox 1093 504 1227 535; x_wconf 87' lang='lat' dir='ltr'><strong>monte</strong></span> <span class='ocrx_word' id='word_1_47' title='bbox 1256 499 1516 537; x_wconf 77' lang='lat' dir='ltr'>consederant</span> 
     </span>
     <span class='ocr_line' id='line_1_7' title="bbox 186 560 1516 611; baseline 0.002 -13"><span class='ocrx_word' id='word_1_48' title='bbox 186 576 233 599; x_wconf 83' lang='lat' dir='ltr'><strong>ex</strong></span> <span class='ocrx_word' id='word_1_49' title='bbox 262 560 526 610; x_wconf 83' lang='lat' dir='ltr'><strong>superioribus</strong></span> <span class='ocrx_word' id='word_1_50' title='bbox 559 560 654 598; x_wconf 89' lang='lat' dir='ltr'><strong>locis</strong></span> <span class='ocrx_word' id='word_1_51' title='bbox 688 560 727 598; x_wconf 89' lang='lat' dir='ltr'><strong>in</strong></span> <span class='ocrx_word' id='word_1_52' title='bbox 760 560 960 610; x_wconf 82' lang='lat' dir='ltr'>planitiem</span> <span class='ocrx_word' id='word_1_53' title='bbox 991 562 1231 600; x_wconf 77' lang='lat' dir='ltr'><strong>descendere</strong></span> <span class='ocrx_word' id='word_1_54' title='bbox 1262 570 1380 611; x_wconf 89' lang='lat' dir='ltr'><strong>atque</strong></span> <span class='ocrx_word' id='word_1_55' title='bbox 1408 576 1516 600; x_wconf 89' lang='lat' dir='ltr'><strong>arma</strong></span> 
     </span>
     <span class='ocr_line' id='line_1_8' title="bbox 151 624 1516 676; baseline 0.003 -15"><span class='ocrx_word' id='word_1_56' title='bbox 151 640 165 661; x_wconf 90' lang='lat'><strong>2</strong></span> <span class='ocrx_word' id='word_1_57' title='bbox 187 625 360 675; x_wconf 88' lang='lat' dir='ltr'><strong>proicere</strong></span> <span class='ocrx_word' id='word_1_58' title='bbox 377 625 496 663; x_wconf 93' lang='lat' dir='ltr'><strong>iussit.</strong></span> <span class='ocrx_word' id='word_1_59' title='bbox 541 626 663 673; x_wconf 86' lang='lat' dir='ltr'><strong>Quod</strong></span> <span class='ocrx_word' id='word_1_60' title='bbox 680 624 746 663; x_wconf 93' lang='lat' dir='ltr'><strong>ubi</strong></span> <span class='ocrx_word' id='word_1_61' title='bbox 763 625 846 663; x_wconf 87' lang='lat' dir='ltr'><strong>sine</strong></span> <span class='ocrx_word' id='word_1_62' title='bbox 863 625 1106 664; x_wconf 80' lang='lat' dir='ltr'><strong>recusatione</strong></span> <span class='ocrx_word' id='word_1_63' title='bbox 1124 627 1297 664; x_wconf 89' lang='lat' dir='ltr'><strong>fecerunt</strong></span> <span class='ocrx_word' id='word_1_64' title='bbox 1314 626 1516 676; x_wconf 87' lang='lat' dir='ltr'><strong>passisque</strong></span> 
     </span>
     <span class='ocr_line' id='line_1_9' title="bbox 187 689 1512 740; baseline 0.001 -13"><span class='ocrx_word' id='word_1_65' title='bbox 187 690 325 740; x_wconf 86' lang='lat' dir='ltr'><strong>palmis</strong></span> <span class='ocrx_word' id='word_1_66' title='bbox 351 689 511 740; x_wconf 90' lang='lat' dir='ltr'><strong>proiecti</strong></span> <span class='ocrx_word' id='word_1_67' title='bbox 536 690 587 728; x_wconf 90' lang='lat' dir='ltr'><strong>ad</strong></span> <span class='ocrx_word' id='word_1_68' title='bbox 610 697 748 728; x_wconf 88' lang='lat' dir='ltr'><strong>terram</strong></span> <span class='ocrx_word' id='word_1_69' title='bbox 776 691 914 728; x_wconf 88' lang='lat' dir='ltr'><strong>flentes</strong></span> <span class='ocrx_word' id='word_1_70' title='bbox 941 691 991 728; x_wconf 90' lang='lat' dir='ltr'><strong>ab</strong></span> <span class='ocrx_word' id='word_1_71' title='bbox 1019 703 1066 728; x_wconf 92' lang='lat' dir='ltr'><strong>eo</strong></span> <span class='ocrx_word' id='word_1_72' title='bbox 1094 692 1258 728; x_wconf 87' lang='lat' dir='ltr'><strong>salutern</strong></span> <span class='ocrx_word' id='word_1_73' title='bbox 1283 690 1512 740; x_wconf 89' lang='lat' dir='ltr'><strong>petiverunt,</strong></span> 
     </span>
     <span class='ocr_line' id='line_1_10' title="bbox 186 754 1516 804; baseline 0 -11"><span class='ocrx_word' id='word_1_74' title='bbox 186 756 412 793; x_wconf 79' lang='lat' dir='ltr'><strong>consolatus</strong></span> <span class='ocrx_word' id='word_1_75' title='bbox 439 767 672 803; x_wconf 82' lang='lat' dir='ltr'><strong>consurgere</strong></span> <span class='ocrx_word' id='word_1_76' title='bbox 699 754 808 792; x_wconf 89' lang='lat' dir='ltr'><strong>iussit</strong></span> <span class='ocrx_word' id='word_1_77' title='bbox 836 762 872 792; x_wconf 93' lang='lat' dir='ltr'><strong>et</strong></span> <span class='ocrx_word' id='word_1_78' title='bbox 900 768 1024 804; x_wconf 83' lang='lat' dir='ltr'><strong>pauca</strong></span> <span class='ocrx_word' id='word_1_79' title='bbox 1050 756 1156 804; x_wconf 88' lang='lat' dir='ltr'><strong>apud</strong></span> <span class='ocrx_word' id='word_1_80' title='bbox 1186 768 1253 793; x_wconf 86' lang='lat' dir='ltr'><strong>eos</strong></span> <span class='ocrx_word' id='word_1_81' title='bbox 1280 756 1330 793; x_wconf 91' lang='lat' dir='ltr'><strong>de</strong></span> <span class='ocrx_word' id='word_1_82' title='bbox 1357 755 1516 794; x_wconf 84' lang='lat' dir='ltr'><strong>lenitate</strong></span> 
     </span>
     <span class='ocr_line' id='line_1_11' title="bbox 186 818 1515 868; baseline 0 -11"><span class='ocrx_word' id='word_1_83' title='bbox 186 833 255 857; x_wconf 87' lang='lat' dir='ltr'><strong>sua</strong></span> <span class='ocrx_word' id='word_1_84' title='bbox 285 821 449 865; x_wconf 88' lang='lat' dir='ltr'><strong>locutus,</strong></span> <span class='ocrx_word' id='word_1_85' title='bbox 478 832 556 868; x_wconf 91' lang='lat' dir='ltr'><strong>quo</strong></span> <span class='ocrx_word' id='word_1_86' title='bbox 588 818 737 856; x_wconf 88' lang='lat' dir='ltr'><strong>minore</strong></span> <span class='ocrx_word' id='word_1_87' title='bbox 771 827 900 857; x_wconf 80' lang='lat' dir='ltr'><strong>essent</strong></span> <span class='ocrx_word' id='word_1_88' title='bbox 932 819 1080 865; x_wconf 91' lang='lat' dir='ltr'><strong>timore,</strong></span> <span class='ocrx_word' id='word_1_89' title='bbox 1113 819 1240 857; x_wconf 90' lang='lat' dir='ltr'><strong>omnis</strong></span> <span class='ocrx_word' id='word_1_90' title='bbox 1272 819 1515 858; x_wconf 81' lang='lat' dir='ltr'><strong>conservavit</strong></span> 
     </span>
     <span class='ocr_line' id='line_1_12' title="bbox 187 882 1514 933; baseline 0.001 -12"><span class='ocrx_word' id='word_1_91' title='bbox 187 883 454 933; x_wconf 83' lang='lat' dir='ltr'><strong>militibusque</strong></span> <span class='ocrx_word' id='word_1_92' title='bbox 475 882 554 921; x_wconf 91' lang='lat' dir='ltr'><strong>suis</strong></span> <span class='ocrx_word' id='word_1_93' title='bbox 575 883 877 929; x_wconf 83' lang='lat' dir='ltr'><strong>commendavit,</strong></span> <span class='ocrx_word' id='word_1_94' title='bbox 897 897 946 921; x_wconf 88' lang='lat' dir='ltr'><strong>ne</strong></span> <span class='ocrx_word' id='word_1_95' title='bbox 967 883 1033 932; x_wconf 92' lang='lat' dir='ltr'><strong>qui</strong></span> <span class='ocrx_word' id='word_1_96' title='bbox 1054 896 1189 921; x_wconf 90' lang='lat' dir='ltr'><strong>eorum</strong></span> <span class='ocrx_word' id='word_1_97' title='bbox 1210 883 1418 922; x_wconf 84' lang='lat' dir='ltr'><strong>violaretur</strong></span> <span class='ocrx_word' id='word_1_98' title='bbox 1438 897 1514 922; x_wconf 90' lang='lat' dir='ltr'><strong>neu</strong></span> 
     </span>
     <span class='ocr_line' id='line_1_13' title="bbox 92 947 1515 1003; baseline 0 -17"><span class='ocrx_word' id='word_1_99' title='bbox 92 998 96 1003; x_wconf 19' lang='grc' dir='ltr'>ἱ</span> <span class='ocrx_word' id='word_1_100' title='bbox 145 959 161 986; x_wconf 71' lang='lat'>3</span> <span class='ocrx_word' id='word_1_101' title='bbox 186 948 282 997; x_wconf 88' lang='lat' dir='ltr'><strong>quid</strong></span> <span class='ocrx_word' id='word_1_102' title='bbox 313 947 371 985; x_wconf 88' lang='lat' dir='ltr'><strong>sui</strong></span> <span class='ocrx_word' id='word_1_103' title='bbox 401 947 678 985; x_wconf 84' lang='lat' dir='ltr'><strong>desiderarent.</strong></span> <span class='ocrx_word' id='word_1_104' title='bbox 746 949 835 985; x_wconf 91' lang='lat' dir='ltr'><strong>Hac</strong></span> <span class='ocrx_word' id='word_1_105' title='bbox 869 947 1046 986; x_wconf 86' lang='lat' dir='ltr'><strong>adhibita</strong></span> <span class='ocrx_word' id='word_1_106' title='bbox 1075 947 1275 998; x_wconf 84' lang='lat' dir='ltr'><strong>diligentia</strong></span> <span class='ocrx_word' id='word_1_107' title='bbox 1307 962 1352 986; x_wconf 84' lang='lat' dir='ltr'><strong>ex</strong></span> <span class='ocrx_word' id='word_1_108' title='bbox 1382 948 1515 986; x_wconf 86' lang='lat' dir='ltr'><strong>castris</strong></span> 
     </span>
     <span class='ocr_line' id='line_1_14' title="bbox 186 1012 1516 1062; baseline -0.001 -11"><span class='ocrx_word' id='word_1_109' title='bbox 186 1013 258 1051; x_wconf 85' lang='lat' dir='ltr'><strong>sibi</strong></span> <span class='ocrx_word' id='word_1_110' title='bbox 284 1012 457 1062; x_wconf 80' lang='lat' dir='ltr'><strong>legiones</strong></span> <span class='ocrx_word' id='word_1_111' title='bbox 484 1012 578 1050; x_wconf 88' lang='lat' dir='ltr'><strong>alias</strong></span> <span class='ocrx_word' id='word_1_112' title='bbox 606 1025 807 1050; x_wconf 87' lang='lat' dir='ltr'><strong>occurrere</strong></span> <span class='ocrx_word' id='word_1_113' title='bbox 838 1020 875 1050; x_wconf 79' lang='lat' dir='ltr'><strong>et</strong></span> <span class='ocrx_word' id='word_1_114' title='bbox 902 1026 966 1050; x_wconf 88' lang='lat' dir='ltr'><strong>eas</strong></span> <span class='ocrx_word' id='word_1_115' title='bbox 995 1026 1091 1062; x_wconf 88' lang='lat' dir='ltr'><strong>quas</strong></span> <span class='ocrx_word' id='word_1_116' title='bbox 1119 1026 1252 1050; x_wconf 90' lang='lat' dir='ltr'><strong>secum</strong></span> <span class='ocrx_word' id='word_1_117' title='bbox 1277 1013 1438 1051; x_wconf 83' lang='lat' dir='ltr'><strong>duxerat</strong></span> <span class='ocrx_word' id='word_1_118' title='bbox 1463 1012 1516 1050; x_wconf 88' lang='lat' dir='ltr'><strong>in-</strong></span> 
     </span>
     <span class='ocr_line' id='line_1_15' title="bbox 187 1076 1515 1127; baseline 0.001 -13"><span class='ocrx_word' id='word_1_119' title='bbox 187 1078 309 1116; x_wconf 84' lang='lat' dir='ltr'><strong>vicem</strong></span> <span class='ocrx_word' id='word_1_120' title='bbox 342 1077 584 1127; x_wconf 86' lang='lat' dir='ltr'><strong>requiescere</strong></span> <span class='ocrx_word' id='word_1_121' title='bbox 617 1086 734 1126; x_wconf 84' lang='lat' dir='ltr'><strong>atque</strong></span> <span class='ocrx_word' id='word_1_122' title='bbox 764 1077 803 1114; x_wconf 91' lang='lat' dir='ltr'><strong>in</strong></span> <span class='ocrx_word' id='word_1_123' title='bbox 834 1085 956 1115; x_wconf 79' lang='lat' dir='ltr'><strong>castra</strong></span> <span class='ocrx_word' id='word_1_124' title='bbox 986 1077 1123 1115; x_wconf 89' lang='lat' dir='ltr'><strong>reverti</strong></span> <span class='ocrx_word' id='word_1_125' title='bbox 1155 1076 1263 1115; x_wconf 88' lang='lat' dir='ltr'><strong>iussit</strong></span> <span class='ocrx_word' id='word_1_126' title='bbox 1290 1078 1515 1127; x_wconf 87' lang='lat' dir='ltr'><strong>eodemque</strong></span> 
     </span>
     <span class='ocr_line' id='line_1_16' title="bbox 186 1141 656 1191; baseline -0.004 -11"><span class='ocrx_word' id='word_1_127' title='bbox 186 1143 250 1180; x_wconf 78' lang='lat' dir='ltr'><strong>(lie</strong></span> <span class='ocrx_word' id='word_1_128' title='bbox 274 1142 446 1179; x_wconf 78' lang='lat' dir='ltr'><strong>Larisam</strong></span> <span class='ocrx_word' id='word_1_129' title='bbox 473 1141 656 1191; x_wconf 78' lang='lat' dir='ltr'><strong>pervenit.</strong></span> 
     </span>
     <span class='ocr_line' id='line_1_17' title="bbox 104 1206 1511 1258; baseline -0.001 -13"><span class='ocrx_word' id='word_1_130' title='bbox 104 1219 163 1258; x_wconf 88' lang='lat'><strong>99</strong></span> <span class='ocrx_word' id='word_1_131' title='bbox 242 1209 287 1245; x_wconf 91' lang='lat' dir='ltr'><strong>In</strong></span> <span class='ocrx_word' id='word_1_132' title='bbox 316 1220 364 1245; x_wconf 90' lang='lat' dir='ltr'><strong>eo</strong></span> <span class='ocrx_word' id='word_1_133' title='bbox 391 1206 540 1256; x_wconf 87' lang='lat' dir='ltr'><strong>proelio</strong></span> <span class='ocrx_word' id='word_1_134' title='bbox 570 1219 649 1244; x_wconf 91' lang='lat' dir='ltr'><strong>non</strong></span> <span class='ocrx_word' id='word_1_135' title='bbox 679 1206 846 1255; x_wconf 89' lang='lat' dir='ltr'><strong>amplius</strong></span> <span class='ocrx_word' id='word_1_136' title='bbox 877 1207 1068 1244; x_wconf 87' lang='lat' dir='ltr'><strong>ducentos</strong></span> <span class='ocrx_word' id='word_1_137' title='bbox 1100 1206 1240 1245; x_wconf 87' lang='lat' dir='ltr'><strong>milites</strong></span> <span class='ocrx_word' id='word_1_138' title='bbox 1267 1206 1511 1253; x_wconf 87' lang='lat' dir='ltr'><strong>desideravit,</strong></span> 
     </span>
     <span class='ocr_line' id='line_1_18' title="bbox 146 1270 1515 1317; baseline 0 -7"><span class='ocrx_word' id='word_1_139' title='bbox 146 1293 159 1314; x_wconf 85' lang='lat'><strong>2</strong></span> <span class='ocrx_word' id='word_1_140' title='bbox 187 1273 254 1310; x_wconf 85' lang='lat' dir='ltr'><strong>sed</strong></span> <span class='ocrx_word' id='word_1_141' title='bbox 277 1271 536 1317; x_wconf 84' lang='lat' dir='ltr'><strong>centuriones,</strong></span> <span class='ocrx_word' id='word_1_142' title='bbox 556 1270 663 1309; x_wconf 91' lang='lat' dir='ltr'><strong>fortis</strong></span> <span class='ocrx_word' id='word_1_143' title='bbox 684 1270 795 1317; x_wconf 92' lang='lat' dir='ltr'><strong>viros,</strong></span> <span class='ocrx_word' id='word_1_144' title='bbox 813 1270 962 1309; x_wconf 88' lang='lat' dir='ltr'><strong>circiter</strong></span> <span class='ocrx_word' id='word_1_145' title='bbox 982 1283 1070 1308; x_wconf 84' lang='lat' dir='ltr'><strong>xxx</strong></span> <span class='ocrx_word' id='word_1_146' title='bbox 1091 1271 1228 1309; x_wconf 83' lang='lat' dir='ltr'><strong>amisit.</strong></span> <span class='ocrx_word' id='word_1_147' title='bbox 1280 1272 1515 1310; x_wconf 86' lang='lat' dir='ltr'><strong>Interfectus</strong></span> 
     </span>
     <span class='ocr_line' id='line_1_19' title="bbox 186 1335 1515 1385; baseline 0 -11"><span class='ocrx_word' id='word_1_148' title='bbox 186 1344 243 1374; x_wconf 89' lang='lat' dir='ltr'><strong>est</strong></span> <span class='ocrx_word' id='word_1_149' title='bbox 275 1335 392 1374; x_wconf 88' lang='lat' dir='ltr'><strong>etiam</strong></span> <span class='ocrx_word' id='word_1_150' title='bbox 427 1335 636 1374; x_wconf 86' lang='lat' dir='ltr'><strong>fortissime</strong></span> <span class='ocrx_word' id='word_1_151' title='bbox 671 1349 848 1385; x_wconf 84' lang='lat' dir='ltr'><strong>pugnans</strong></span> <span class='ocrx_word' id='word_1_152' title='bbox 881 1335 1093 1382; x_wconf 82' lang='lat' dir='ltr'><strong>Crastinus,</strong></span> <span class='ocrx_word' id='word_1_153' title='bbox 1126 1336 1236 1375; x_wconf 89' lang='lat' dir='ltr'><strong>cuius</strong></span> <span class='ocrx_word' id='word_1_154' title='bbox 1271 1336 1515 1375; x_wconf 89' lang='lat' dir='ltr'><strong>mentionem</strong></span> 
     </span>
     <span class='ocr_line' id='line_1_20' title="bbox 146 1400 1514 1451; baseline 0.001 -13"><span class='ocrx_word' id='word_1_155' title='bbox 146 1417 163 1447; x_wconf 82' lang='lat'>3</span> <span class='ocrx_word' id='word_1_156' title='bbox 184 1413 301 1450; x_wconf 88' lang='lat' dir='ltr'><strong>supra</strong></span> <span class='ocrx_word' id='word_1_157' title='bbox 325 1400 499 1447; x_wconf 87' lang='lat' dir='ltr'><strong>fecimus,</strong></span> <span class='ocrx_word' id='word_1_158' title='bbox 526 1400 657 1449; x_wconf 83' lang='lat' dir='ltr'><strong>gladio</strong></span> <span class='ocrx_word' id='word_1_159' title='bbox 687 1400 725 1437; x_wconf 93' lang='lat' dir='ltr'><strong>in</strong></span> <span class='ocrx_word' id='word_1_160' title='bbox 756 1414 800 1438; x_wconf 90' lang='lat' dir='ltr'><strong>os</strong></span> <span class='ocrx_word' id='word_1_161' title='bbox 828 1401 1034 1438; x_wconf 84' lang='lat' dir='ltr'><strong>adversum</strong></span> <span class='ocrx_word' id='word_1_162' title='bbox 1060 1400 1250 1439; x_wconf 89' lang='lat' dir='ltr'><strong>coniecto.</strong></span> <span class='ocrx_word' id='word_1_163' title='bbox 1311 1403 1452 1451; x_wconf 85' lang='lat' dir='ltr'><strong>Neque</strong></span> <span class='ocrx_word' id='word_1_164' title='bbox 1473 1401 1514 1440; x_wconf 93' lang='lat' dir='ltr'><strong>id</strong></span> 
     </span>
     <span class='ocr_line' id='line_1_21' title="bbox 184 1464 1513 1515; baseline 0.002 -13"><span class='ocrx_word' id='word_1_165' title='bbox 184 1464 256 1503; x_wconf 89' lang='lat' dir='ltr'><strong>fuit</strong></span> <span class='ocrx_word' id='word_1_166' title='bbox 286 1466 425 1502; x_wconf 83' lang='lat' dir='ltr'><strong>falsum</strong></span> <span class='ocrx_word' id='word_1_167' title='bbox 456 1466 564 1515; x_wconf 91' lang='lat' dir='ltr'><strong>quod</strong></span> <span class='ocrx_word' id='word_1_168' title='bbox 595 1464 658 1503; x_wconf 90' lang='lat' dir='ltr'><strong>ille</strong></span> <span class='ocrx_word' id='word_1_169' title='bbox 688 1464 727 1502; x_wconf 87' lang='lat' dir='ltr'><strong>in</strong></span> <span class='ocrx_word' id='word_1_170' title='bbox 755 1478 925 1515; x_wconf 84' lang='lat' dir='ltr'><strong>pugnam</strong></span> <span class='ocrx_word' id='word_1_171' title='bbox 954 1465 1204 1514; x_wconf 88' lang='lat' dir='ltr'><strong>proficiscens</strong></span> <span class='ocrx_word' id='word_1_172' title='bbox 1232 1465 1389 1504; x_wconf 83' lang='lat' dir='ltr'><strong>dixerat.</strong></span> <span class='ocrx_word' id='word_1_173' title='bbox 1450 1465 1513 1505; x_wconf 89' lang='lat' dir='ltr'><strong>Sic</strong></span> 
     </span>
     <span class='ocr_line' id='line_1_22' title="bbox 185 1529 1515 1579; baseline 0.001 -11"><span class='ocrx_word' id='word_1_174' title='bbox 185 1530 289 1568; x_wconf 91' lang='lat' dir='ltr'><strong>enim</strong></span> <span class='ocrx_word' id='word_1_175' title='bbox 315 1531 460 1569; x_wconf 82' lang='lat' dir='ltr'><strong>Caesar</strong></span> <span class='ocrx_word' id='word_1_176' title='bbox 484 1529 729 1568; x_wconf 80' lang='lat' dir='ltr'><strong>existimabat</strong></span> <span class='ocrx_word' id='word_1_177' title='bbox 759 1543 807 1568; x_wconf 91' lang='lat' dir='ltr'><strong>eo</strong></span> <span class='ocrx_word' id='word_1_178' title='bbox 834 1531 981 1579; x_wconf 85' lang='lat' dir='ltr'><strong>proelio</strong></span> <span class='ocrx_word' id='word_1_179' title='bbox 1011 1530 1376 1569; x_wconf 84' lang='lat' dir='ltr'><strong>excellentissimam</strong></span> <span class='ocrx_word' id='word_1_180' title='bbox 1401 1531 1515 1569; x_wconf 89' lang='lat' dir='ltr'><strong>virtu-</strong></span> 
     </span>
     <span class='ocr_line' id='line_1_23' title="bbox 184 1594 1506 1644; baseline 0.001 -11"><span class='ocrx_word' id='word_1_181' title='bbox 184 1603 264 1633; x_wconf 90' lang='lat' dir='ltr'><strong>tem</strong></span> <span class='ocrx_word' id='word_1_182' title='bbox 279 1594 449 1634; x_wconf 88' lang='lat' dir='ltr'><strong>Crastini</strong></span> <span class='ocrx_word' id='word_1_183' title='bbox 470 1594 587 1633; x_wconf 87' lang='lat' dir='ltr'><strong>fuisse</strong></span> <span class='ocrx_word' id='word_1_184' title='bbox 609 1594 836 1644; x_wconf 84' lang='lat' dir='ltr'><strong>optimeque</strong></span> <span class='ocrx_word' id='word_1_185' title='bbox 857 1607 947 1632; x_wconf 91' lang='lat' dir='ltr'><strong>eum</strong></span> <span class='ocrx_word' id='word_1_186' title='bbox 964 1595 1014 1632; x_wconf 91' lang='lat' dir='ltr'><strong>de</strong></span> <span class='ocrx_word' id='word_1_187' title='bbox 1035 1608 1075 1633; x_wconf 90' lang='lat' dir='ltr'><strong>se</strong></span> <span class='ocrx_word' id='word_1_188' title='bbox 1096 1595 1277 1633; x_wconf 89' lang='lat' dir='ltr'><strong>meritum</strong></span> <span class='ocrx_word' id='word_1_189' title='bbox 1299 1595 1506 1634; x_wconf 88' lang='lat' dir='ltr'><strong>iudicabat.</strong></span> 
     </span>
     <span class='ocr_line' id='line_1_24' title="bbox 143 1658 1514 1710; baseline 0.001 -12"><span class='ocrx_word' id='word_1_190' title='bbox 143 1673 162 1702; x_wconf 80' lang='lat'>4</span> <span class='ocrx_word' id='word_1_191' title='bbox 185 1662 245 1698; x_wconf 73' lang='lat' dir='ltr'><strong>Ex</strong></span> <span class='ocrx_word' id='word_1_192' title='bbox 284 1660 527 1710; x_wconf 86' lang='lat' dir='ltr'><strong>Pompeiano</strong></span> <span class='ocrx_word' id='word_1_193' title='bbox 567 1659 735 1697; x_wconf 85' lang='lat' dir='ltr'><strong>exercitu</strong></span> <span class='ocrx_word' id='word_1_194' title='bbox 771 1658 921 1697; x_wconf 90' lang='lat' dir='ltr'><strong>circiter</strong></span> <span class='ocrx_word' id='word_1_195' title='bbox 959 1658 1064 1697; x_wconf 90' lang='lat' dir='ltr'><strong>milia</strong></span> <span class='ocrx_word' id='word_1_196' title='bbox 1098 1671 1153 1697; x_wconf 89' lang='lat' dir='ltr'><strong>XV</strong></span> <span class='ocrx_word' id='word_1_197' title='bbox 1187 1659 1376 1699; x_wconf 89' lang='lat' dir='ltr'><strong>cecidisse</strong></span> <span class='ocrx_word' id='word_1_198' title='bbox 1410 1660 1514 1699; x_wconf 88' lang='lat' dir='ltr'><strong>vide-</strong></span> 
     </span>
     <span class='ocr_line' id='line_1_25' title="bbox 183 1723 1514 1774; baseline 0.001 -12"><span class='ocrx_word' id='word_1_199' title='bbox 183 1725 334 1771; x_wconf 91' lang='lat' dir='ltr'><strong>bantur,</strong></span> <span class='ocrx_word' id='word_1_200' title='bbox 359 1725 429 1763; x_wconf 87' lang='lat' dir='ltr'><strong>sed</strong></span> <span class='ocrx_word' id='word_1_201' title='bbox 456 1724 495 1762; x_wconf 89' lang='lat' dir='ltr'><strong>in</strong></span> <span class='ocrx_word' id='word_1_202' title='bbox 523 1723 767 1763; x_wconf 89' lang='lat' dir='ltr'><strong>deditionem</strong></span> <span class='ocrx_word' id='word_1_203' title='bbox 788 1731 978 1762; x_wconf 90' lang='lat' dir='ltr'><strong>venerunt</strong></span> <span class='ocrx_word' id='word_1_204' title='bbox 1004 1724 1172 1774; x_wconf 88' lang='lat' dir='ltr'><strong>amplius</strong></span> <span class='ocrx_word' id='word_1_205' title='bbox 1200 1724 1306 1763; x_wconf 89' lang='lat' dir='ltr'><strong>milia</strong></span> <span class='ocrx_word' id='word_1_206' title='bbox 1331 1737 1514 1763; x_wconf 85' lang='lat' dir='ltr'>XXIIII—-</span> 
     </span>
     <span class='ocr_line' id='line_1_26' title="bbox 184 1789 1510 1840; baseline 0.002 -13"><span class='ocrx_word' id='word_1_207' title='bbox 184 1803 355 1839; x_wconf 87' lang='lat' dir='ltr'><strong>namque</strong></span> <span class='ocrx_word' id='word_1_208' title='bbox 382 1789 499 1827; x_wconf 88' lang='lat' dir='ltr'><strong>etiam</strong></span> <span class='ocrx_word' id='word_1_209' title='bbox 530 1790 721 1836; x_wconf 89' lang='lat' dir='ltr'><strong>cohortes,</strong></span> <span class='ocrx_word' id='word_1_210' title='bbox 746 1803 846 1839; x_wconf 90' lang='lat' dir='ltr'><strong>quae</strong></span> <span class='ocrx_word' id='word_1_211' title='bbox 870 1789 1064 1840; x_wconf 89' lang='lat' dir='ltr'><strong>praesidio</strong></span> <span class='ocrx_word' id='word_1_212' title='bbox 1091 1789 1131 1827; x_wconf 91' lang='lat' dir='ltr'><strong>in</strong></span> <span class='ocrx_word' id='word_1_213' title='bbox 1155 1789 1322 1828; x_wconf 90' lang='lat' dir='ltr'><strong>castellis</strong></span> <span class='ocrx_word' id='word_1_214' title='bbox 1347 1792 1510 1838; x_wconf 89' lang='lat' dir='ltr'><strong>fuerant,</strong></span> 
     </span>
     <span class='ocr_line' id='line_1_27' title="bbox 183 1854 1512 1904; baseline 0 -11"><span class='ocrx_word' id='word_1_215' title='bbox 183 1868 268 1893; x_wconf 83' lang='lat' dir='ltr'><strong>sese</strong></span> <span class='ocrx_word' id='word_1_216' title='bbox 285 1856 415 1893; x_wconf 86' lang='lat' dir='ltr'><strong>Sullae</strong></span> <span class='ocrx_word' id='word_1_217' title='bbox 432 1854 838 1893; x_wconf 82' lang='lat' dir='ltr'><strong>dediderunt—multi</strong></span> <span class='ocrx_word' id='word_1_218' title='bbox 854 1862 1052 1904; x_wconf 85' lang='lat' dir='ltr'><strong>praeterea</strong></span> <span class='ocrx_word' id='word_1_219' title='bbox 1072 1854 1112 1892; x_wconf 90' lang='lat' dir='ltr'><strong>in</strong></span> <span class='ocrx_word' id='word_1_220' title='bbox 1133 1854 1316 1893; x_wconf 89' lang='lat' dir='ltr'><strong>finitimas</strong></span> <span class='ocrx_word' id='word_1_221' title='bbox 1337 1855 1512 1894; x_wconf 88' lang='lat' dir='ltr'><strong>civitates</strong></span> 
     </span>
     <span class='ocr_line' id='line_1_28' title="bbox 184 1919 1513 1970; baseline 0.001 -13"><span class='ocrx_word' id='word_1_222' title='bbox 184 1921 416 1970; x_wconf 84' lang='lat' dir='ltr'><strong>refugerunt,</strong></span> <span class='ocrx_word' id='word_1_223' title='bbox 441 1920 630 1970; x_wconf 84' lang='lat' dir='ltr'><strong>signaque</strong></span> <span class='ocrx_word' id='word_1_224' title='bbox 654 1919 832 1958; x_wconf 82' lang='lat' dir='ltr'><strong>militaria</strong></span> <span class='ocrx_word' id='word_1_225' title='bbox 861 1933 908 1957; x_wconf 83' lang='lat' dir='ltr'><strong>ex</strong></span> <span class='ocrx_word' id='word_1_226' title='bbox 934 1919 1082 1969; x_wconf 87' lang='lat' dir='ltr'><strong>proelio</strong></span> <span class='ocrx_word' id='word_1_227' title='bbox 1108 1921 1159 1958; x_wconf 85' lang='lat' dir='ltr'><strong>ad</strong></span> <span class='ocrx_word' id='word_1_228' title='bbox 1187 1921 1395 1959; x_wconf 87' lang='lat' dir='ltr'><strong>Caesarem</strong></span> <span class='ocrx_word' id='word_1_229' title='bbox 1422 1928 1513 1958; x_wconf 90' lang='lat' dir='ltr'><strong>sunt</strong></span> 
     </span>
     <span class='ocr_line' id='line_1_29' title="bbox 147 1984 1511 2034; baseline 0 -12"><span class='ocrx_word' id='word_1_230' title='bbox 147 2002 163 2032; x_wconf 78' lang='lat'>5</span> <span class='ocrx_word' id='word_1_231' title='bbox 185 1986 304 2022; x_wconf 86' lang='lat' dir='ltr'><strong>relata</strong></span> <span class='ocrx_word' id='word_1_232' title='bbox 337 1996 478 2022; x_wconf 76' lang='lat' dir='ltr'>CLXXX</span> <span class='ocrx_word' id='word_1_233' title='bbox 510 1992 548 2023; x_wconf 92' lang='lat' dir='ltr'><strong>et</strong></span> <span class='ocrx_word' id='word_1_234' title='bbox 578 1985 731 2034; x_wconf 87' lang='lat' dir='ltr'><strong>aquilae</strong></span> <span class='ocrx_word' id='word_1_235' title='bbox 762 1997 863 2022; x_wconf 84' lang='lat' dir='ltr'>vl111.</span> <span class='ocrx_word' id='word_1_236' title='bbox 925 1986 966 2022; x_wconf 91' lang='lat' dir='ltr'><strong>L.</strong></span> <span class='ocrx_word' id='word_1_237' title='bbox 996 1984 1194 2022; x_wconf 89' lang='lat' dir='ltr'><strong>Domitius</strong></span> <span class='ocrx_word' id='word_1_238' title='bbox 1228 1998 1274 2023; x_wconf 84' lang='lat' dir='ltr'><strong>ex</strong></span> <span class='ocrx_word' id='word_1_239' title='bbox 1308 1984 1440 2023; x_wconf 89' lang='lat' dir='ltr'><strong>castris</strong></span> <span class='ocrx_word' id='word_1_240' title='bbox 1471 1985 1511 2022; x_wconf 90' lang='lat' dir='ltr'><strong>in</strong></span> 
     </span>
     <span class='ocr_line' id='line_1_30' title="bbox 186 2048 1508 2098; baseline 0.001 -13"><span class='ocrx_word' id='word_1_241' title='bbox 186 2056 361 2088; x_wconf 90' lang='lat' dir='ltr'><strong>montem</strong></span> <span class='ocrx_word' id='word_1_242' title='bbox 396 2049 599 2098; x_wconf 74' lang='lat' dir='ltr'><strong>refugiens,</strong></span> <span class='ocrx_word' id='word_1_243' title='bbox 629 2063 718 2087; x_wconf 93' lang='lat' dir='ltr'><strong>cum</strong></span> <span class='ocrx_word' id='word_1_244' title='bbox 748 2049 846 2087; x_wconf 89' lang='lat' dir='ltr'><strong>vires</strong></span> <span class='ocrx_word' id='word_1_245' title='bbox 881 2063 970 2087; x_wconf 84' lang='lat' dir='ltr'><strong>cum</strong></span> <span class='ocrx_word' id='word_1_246' title='bbox 1003 2048 1231 2087; x_wconf 80' lang='lat' dir='ltr'><strong>lassitudine</strong></span> <span class='ocrx_word' id='word_1_247' title='bbox 1263 2049 1508 2096; x_wconf 84' lang='lat' dir='ltr'><strong>defecissent,</strong></span> 
     </span>
     <span class='ocr_line' id='line_1_31' title="bbox 183 2114 785 2162; baseline 0.002 -11"><span class='ocrx_word' id='word_1_248' title='bbox 183 2114 232 2151; x_wconf 80' lang='lat' dir='ltr'><strong>ab</strong></span> <span class='ocrx_word' id='word_1_249' title='bbox 254 2114 451 2162; x_wconf 82' lang='lat' dir='ltr'><strong>equitibus</strong></span> <span class='ocrx_word' id='word_1_250' title='bbox 473 2121 530 2152; x_wconf 85' lang='lat' dir='ltr'><strong>est</strong></span> <span class='ocrx_word' id='word_1_251' title='bbox 552 2114 785 2152; x_wconf 89' lang='lat' dir='ltr'><strong>interfectus.</strong></span> 
     </span>
     <span class='ocr_line' id='line_1_32' title="bbox 90 2178 1509 2228; baseline 0.001 -13"><span class='ocrx_word' id='word_1_252' title='bbox 90 2187 166 2215; x_wconf 93' lang='lat'><strong>100</strong></span> <span class='ocrx_word' id='word_1_253' title='bbox 240 2179 392 2216; x_wconf 90' lang='lat' dir='ltr'><strong>Eodem</strong></span> <span class='ocrx_word' id='word_1_254' title='bbox 429 2186 604 2228; x_wconf 90' lang='lat' dir='ltr'><strong>tempore</strong></span> <span class='ocrx_word' id='word_1_255' title='bbox 636 2180 683 2219; x_wconf 77' lang='lat' dir='ltr'><strong>l).</strong></span> <span class='ocrx_word' id='word_1_256' title='bbox 713 2179 866 2217; x_wconf 84' lang='lat' dir='ltr'><strong>Laelius</strong></span> <span class='ocrx_word' id='word_1_257' title='bbox 901 2193 991 2217; x_wconf 86' lang='lat' dir='ltr'><strong>cum</strong></span> <span class='ocrx_word' id='word_1_258' title='bbox 1023 2181 1146 2216; x_wconf 85' lang='lat' dir='ltr'><strong>classe</strong></span> <span class='ocrx_word' id='word_1_259' title='bbox 1175 2180 1225 2216; x_wconf 77' lang='lat' dir='ltr'><strong>ad</strong></span> <span class='ocrx_word' id='word_1_260' title='bbox 1257 2178 1509 2217; x_wconf 82' lang='lat' dir='ltr'><strong>Brundisium</strong></span> 
     </span>
     <span class='ocr_line' id='line_1_33' title="bbox 185 2242 1511 2292; baseline 0 -11"><span class='ocrx_word' id='word_1_261' title='bbox 185 2242 288 2281; x_wconf 86' lang='lat' dir='ltr'><strong>venit</strong></span> <span class='ocrx_word' id='word_1_262' title='bbox 309 2244 528 2292; x_wconf 85' lang='lat' dir='ltr'><strong>eademque</strong></span> <span class='ocrx_word' id='word_1_263' title='bbox 552 2243 700 2281; x_wconf 89' lang='lat' dir='ltr'><strong>ratione</strong></span> <span class='ocrx_word' id='word_1_264' title='bbox 725 2256 802 2292; x_wconf 89' lang='lat' dir='ltr'><strong>qua</strong></span> <span class='ocrx_word' id='word_1_265' title='bbox 829 2245 973 2281; x_wconf 87' lang='lat' dir='ltr'><strong>factum</strong></span> <span class='ocrx_word' id='word_1_266' title='bbox 998 2257 1019 2280; x_wconf 92' lang='lat' dir='ltr'><strong>a</strong></span> <span class='ocrx_word' id='word_1_267' title='bbox 1043 2243 1194 2281; x_wconf 91' lang='lat' dir='ltr'><strong>Libone</strong></span> <span class='ocrx_word' id='word_1_268' title='bbox 1215 2251 1329 2281; x_wconf 89' lang='lat' dir='ltr'><strong>antea</strong></span> <span class='ocrx_word' id='word_1_269' title='bbox 1349 2245 1511 2282; x_wconf 90' lang='lat' dir='ltr'><strong>demon-</strong></span> 
     </span>
     <span class='ocr_line' id='line_1_34' title="bbox 147 2307 1510 2357; baseline 0.001 -13"><span class='ocrx_word' id='word_1_270' title='bbox 147 2316 161 2337; x_wconf 90' lang='lat'>2</span> <span class='ocrx_word' id='word_1_271' title='bbox 184 2308 389 2345; x_wconf 84' lang='lat' dir='ltr'><strong>stravimus</strong></span> <span class='ocrx_word' id='word_1_272' title='bbox 410 2309 576 2345; x_wconf 87' lang='lat' dir='ltr'><strong>insulam</strong></span> <span class='ocrx_word' id='word_1_273' title='bbox 598 2307 793 2346; x_wconf 87' lang='lat' dir='ltr'><strong>obiectam</strong></span> <span class='ocrx_word' id='word_1_274' title='bbox 811 2307 937 2357; x_wconf 86' lang='lat' dir='ltr'><strong>portui</strong></span> <span class='ocrx_word' id='word_1_275' title='bbox 956 2307 1194 2346; x_wconf 86' lang='lat' dir='ltr'><strong>Brundisino</strong></span> <span class='ocrx_word' id='word_1_276' title='bbox 1215 2307 1349 2345; x_wconf 90' lang='lat' dir='ltr'><strong>tenuit.</strong></span> <span class='ocrx_word' id='word_1_277' title='bbox 1400 2307 1510 2346; x_wconf 84' lang='lat' dir='ltr'><strong>Simi-</strong></span> 
     </span>
     <span class='ocr_line' id='line_1_35' title="bbox 182 2371 1508 2422; baseline 0.002 -15"><span class='ocrx_word' id='word_1_278' title='bbox 182 2371 265 2409; x_wconf 89' lang='lat' dir='ltr'><strong>liter</strong></span> <span class='ocrx_word' id='word_1_279' title='bbox 298 2371 483 2412; x_wconf 78' lang='lat' dir='ltr'><strong>Vatinius,</strong></span> <span class='ocrx_word' id='word_1_280' title='bbox 515 2372 580 2421; x_wconf 83' lang='lat' dir='ltr'><strong>qui</strong></span> <span class='ocrx_word' id='word_1_281' title='bbox 614 2372 823 2410; x_wconf 86' lang='lat' dir='ltr'><strong>Brundisio</strong></span> <span class='ocrx_word' id='word_1_282' title='bbox 862 2381 1045 2421; x_wconf 82' lang='lat' dir='ltr'><strong>praeerat,</strong></span> <span class='ocrx_word' id='word_1_283' title='bbox 1084 2372 1193 2411; x_wconf 86' lang='lat' dir='ltr'><strong>tectis</strong></span> <span class='ocrx_word' id='word_1_284' title='bbox 1233 2372 1508 2422; x_wconf 86' lang='lat' dir='ltr'><strong>instructisque</strong></span> 
     </span>
    </p>
   </div>
   <div class='ocr_carea' id='block_1_3' title="bbox 1538 509 1554 539">
    <p class='ocr_par' dir='ltr' id='par_1_3' title="bbox 1538 509 1554 539">
     <span class='ocr_line' id='line_1_36' title="bbox 1538 509 1554 539; baseline 0 0"><span class='ocrx_word' id='word_1_285' title='bbox 1538 509 1554 539; x_wconf 78' lang='grc' dir='ltr'><em>ὃ</em></span> 
     </span>
    </p>
   </div>
   <div class='ocr_carea' id='block_1_4' title="bbox 1539 832 1576 854">
    <p class='ocr_par' dir='ltr' id='par_1_4' title="bbox 1539 832 1576 854">
     <span class='ocr_line' id='line_1_37' title="bbox 1539 832 1576 854; baseline 0 0"><span class='ocrx_word' id='word_1_286' title='bbox 1539 832 1576 854; x_wconf 91' lang='lat'><strong>10</strong></span> 
     </span>
    </p>
   </div>
   <div class='ocr_carea' id='block_1_5' title="bbox 1537 1478 1576 1499">
    <p class='ocr_par' dir='ltr' id='par_1_5' title="bbox 1537 1478 1576 1499">
     <span class='ocr_line' id='line_1_38' title="bbox 1537 1478 1576 1499; baseline 0.026 -1"><span class='ocrx_word' id='word_1_287' title='bbox 1537 1478 1576 1499; x_wconf 88' lang='lat'><strong>20</strong></span> 
     </span>
    </p>
   </div>
   <div class='ocr_carea' id='block_1_6' title="bbox 1535 1806 1573 1838">
    <p class='ocr_par' dir='ltr' id='par_1_6' title="bbox 1535 1806 1573 1838">
     <span class='ocr_line' id='line_1_39' title="bbox 1535 1806 1573 1838; baseline 0 0"><span class='ocrx_word' id='word_1_288' title='bbox 1535 1806 1573 1838; x_wconf 87' lang='lat'><strong>25</strong></span> 
     </span>
    </p>
   </div>
  </div>
 </body>
</html>
