<?xml version="1.0" encoding="UTF-8"?>
<!DOCTYPE html PUBLIC "-//W3C//DTD XHTML 1.0 Transitional//EN"
    "http://www.w3.org/TR/xhtml1/DTD/xhtml1-transitional.dtd">
<html xmlns="http://www.w3.org/1999/xhtml" xml:lang="en" lang="en">
 <head>
  <title>
</title>
<meta http-equiv="Content-Type" content="text/html;charset=utf-8" />
  <meta name='ocr-system' content='tesseract 3.04.00' />
  <meta name='ocr-capabilities' content='ocr_page ocr_carea ocr_par ocr_line ocrx_word'/>
</head>
<body>
  <div class='ocr_page' id='page_1' title='image "./commentariorumpa02caesuoft_0034.png"; bbox 0 0 1705 2729; ppageno 0'>
   <div class='ocr_carea' id='block_1_1' title="bbox 640 123 1134 163">
    <p class='ocr_par' dir='ltr' id='par_1_1' title="bbox 640 123 1134 163">
     <span class='ocr_line' id='line_1_1' title="bbox 640 123 1134 163; baseline -0.006 0"><span class='ocrx_word' id='word_1_1' title='bbox 640 125 682 163; x_wconf 93' lang='lat' dir='ltr'>C.</span> <span class='ocrx_word' id='word_1_2' title='bbox 718 124 833 161; x_wconf 86' lang='lat' dir='ltr'>IVLI</span> <span class='ocrx_word' id='word_1_3' title='bbox 866 123 1134 162; x_wconf 89' lang='lat' dir='ltr'><strong>CAESARIS</strong></span> 
     </span>
    </p>
   </div>
   <div class='ocr_carea' id='block_1_2' title="bbox 136 235 1603 2296">
    <p class='ocr_par' dir='ltr' id='par_1_2' title="bbox 221 235 1546 352">
     <span class='ocr_line' id='line_1_2' title="bbox 221 235 1546 276; baseline -0.003 0"><span class='ocrx_word' id='word_1_4' title='bbox 221 239 463 276; x_wconf 89' lang='lat' dir='ltr'>voluntatem</span> <span class='ocrx_word' id='word_1_5' title='bbox 480 236 650 275; x_wconf 85' lang='lat' dir='ltr'>tribuere</span> <span class='ocrx_word' id='word_1_6' title='bbox 666 236 811 274; x_wconf 86' lang='lat' dir='ltr'>debere</span> <span class='ocrx_word' id='word_1_7' title='bbox 827 242 866 274; x_wconf 91' lang='lat' dir='ltr'>et</span> <span class='ocrx_word' id='word_1_8' title='bbox 882 242 1063 273; x_wconf 84' lang='lat' dir='ltr'>neutrum</span> <span class='ocrx_word' id='word_1_9' title='bbox 1080 247 1215 273; x_wconf 85' lang='lat' dir='ltr'>eorum</span> <span class='ocrx_word' id='word_1_10' title='bbox 1232 240 1367 273; x_wconf 91' lang='lat' dir='ltr'>contra</span> <span class='ocrx_word' id='word_1_11' title='bbox 1382 235 1546 272; x_wconf 89' lang='lat' dir='ltr'>alterum</span> 
     </span>
     <span class='ocr_line' id='line_1_3' title="bbox 221 301 1039 352; baseline -0.005 -10"><span class='ocrx_word' id='word_1_12' title='bbox 221 305 351 342; x_wconf 90' lang='lat' dir='ltr'>iuvare</span> <span class='ocrx_word' id='word_1_13' title='bbox 371 311 437 342; x_wconf 89' lang='lat' dir='ltr'>aut</span> <span class='ocrx_word' id='word_1_14' title='bbox 457 303 554 341; x_wconf 89' lang='lat' dir='ltr'>urbe</span> <span class='ocrx_word' id='word_1_15' title='bbox 573 310 641 340; x_wconf 88' lang='lat' dir='ltr'>aut</span> <span class='ocrx_word' id='word_1_16' title='bbox 660 302 837 352; x_wconf 89' lang='lat' dir='ltr'>portibus</span> <span class='ocrx_word' id='word_1_17' title='bbox 859 301 1039 350; x_wconf 90' lang='lat' dir='ltr'>recipere.</span> 
     </span>
    </p>

    <p class='ocr_par' dir='ltr' id='par_1_3' title="bbox 147 363 1547 483">
     <span class='ocr_line' id='line_1_4' title="bbox 147 363 1547 423; baseline -0.003 -17"><span class='ocrx_word' id='word_1_18' title='bbox 147 378 202 423; x_wconf 83' lang='lat'>36</span> <span class='ocrx_word' id='word_1_19' title='bbox 276 371 389 406; x_wconf 89' lang='lat' dir='ltr'>Haec</span> <span class='ocrx_word' id='word_1_20' title='bbox 410 369 505 406; x_wconf 93' lang='lat' dir='ltr'>dum</span> <span class='ocrx_word' id='word_1_21' title='bbox 527 367 627 405; x_wconf 92' lang='lat' dir='ltr'>inter</span> <span class='ocrx_word' id='word_1_22' title='bbox 646 380 713 406; x_wconf 85' lang='lat' dir='ltr'>eos</span> <span class='ocrx_word' id='word_1_23' title='bbox 734 373 910 416; x_wconf 89' lang='lat' dir='ltr'>aguntur,</span> <span class='ocrx_word' id='word_1_24' title='bbox 931 364 1129 404; x_wconf 86' lang='lat' dir='ltr'>Domitius</span> <span class='ocrx_word' id='word_1_25' title='bbox 1149 364 1314 403; x_wconf 89' lang='lat' dir='ltr'>navibus</span> <span class='ocrx_word' id='word_1_26' title='bbox 1331 363 1547 403; x_wconf 85' lang='lat' dir='ltr'><strong>Massiliam</strong></span> 
     </span>
     <span class='ocr_line' id='line_1_5' title="bbox 219 430 1547 483; baseline -0.002 -12"><span class='ocrx_word' id='word_1_27' title='bbox 219 433 393 483; x_wconf 85' lang='lat' dir='ltr'>pervenit</span> <span class='ocrx_word' id='word_1_28' title='bbox 423 440 541 482; x_wconf 89' lang='lat' dir='ltr'>atque</span> <span class='ocrx_word' id='word_1_29' title='bbox 571 432 621 470; x_wconf 87' lang='lat' dir='ltr'>ab</span> <span class='ocrx_word' id='word_1_30' title='bbox 648 431 702 470; x_wconf 90' lang='lat' dir='ltr'>eis</span> <span class='ocrx_word' id='word_1_31' title='bbox 727 438 905 481; x_wconf 91' lang='lat' dir='ltr'>receptus</span> <span class='ocrx_word' id='word_1_32' title='bbox 935 431 1021 469; x_wconf 90' lang='lat' dir='ltr'>urbi</span> <span class='ocrx_word' id='word_1_33' title='bbox 1051 430 1271 481; x_wconf 85' lang='lat' dir='ltr'>praeficitur</span> <span class='ocrx_word' id='word_1_34' title='bbox 1287 445 1296 478; x_wconf 77' lang='lat'>3</span> <span class='ocrx_word' id='word_1_35' title='bbox 1330 443 1483 468; x_wconf 89' lang='lat' dir='ltr'>summa</span> <span class='ocrx_word' id='word_1_36' title='bbox 1512 430 1547 469; x_wconf 94' lang='lat' dir='ltr'>ei</span> 
     </span>
    </p>

    <p class='ocr_par' dir='ltr' id='par_1_4' title="bbox 181 495 1584 741">
     <span class='ocr_line' id='line_1_6' title="bbox 181 495 1584 546; baseline -0.004 -8"><span class='ocrx_word' id='word_1_37' title='bbox 181 518 195 539; x_wconf 86' lang='lat'><strong>2</strong></span> <span class='ocrx_word' id='word_1_38' title='bbox 217 498 310 537; x_wconf 89' lang='lat' dir='ltr'>belli</span> <span class='ocrx_word' id='word_1_39' title='bbox 330 496 631 536; x_wconf 86' lang='lat' dir='ltr'>administrandi</span> <span class='ocrx_word' id='word_1_40' title='bbox 652 496 896 546; x_wconf 79' lang='lat' dir='ltr'><strong>permittitur.</strong></span> <span class='ocrx_word' id='word_1_41' title='bbox 958 495 1053 534; x_wconf 90' lang='lat' dir='ltr'>Eius</span> <span class='ocrx_word' id='word_1_42' title='bbox 1084 495 1248 545; x_wconf 89' lang='lat' dir='ltr'>imperio</span> <span class='ocrx_word' id='word_1_43' title='bbox 1268 496 1432 533; x_wconf 81' lang='lat' dir='ltr'>classem</span> <span class='ocrx_word' id='word_1_44' title='bbox 1453 508 1547 544; x_wconf 91' lang='lat' dir='ltr'>quo·</span> <span class='ocrx_word' id='word_1_45' title='bbox 1566 507 1584 538; x_wconf 88' lang='lat'><strong>5</strong></span> 
     </span>
     <span class='ocr_line' id='line_1_7' title="bbox 217 559 1546 612; baseline -0.003 -11"><span class='ocrx_word' id='word_1_46' title='bbox 217 576 296 612; x_wconf 91' lang='lat' dir='ltr'>quo</span> <span class='ocrx_word' id='word_1_47' title='bbox 317 575 449 601; x_wconf 89' lang='lat' dir='ltr'>versus</span> <span class='ocrx_word' id='word_1_48' title='bbox 480 561 709 609; x_wconf 78' lang='lat' dir='ltr'>dimittunt3</span> <span class='ocrx_word' id='word_1_49' title='bbox 738 560 934 599; x_wconf 77' lang='lat' dir='ltr'>onerarias</span> <span class='ocrx_word' id='word_1_50' title='bbox 959 559 1067 598; x_wconf 90' lang='lat' dir='ltr'>navis</span> <span class='ocrx_word' id='word_1_51' title='bbox 1089 573 1184 610; x_wconf 92' lang='lat' dir='ltr'>quas</span> <span class='ocrx_word' id='word_1_52' title='bbox 1205 559 1352 609; x_wconf 86' lang='lat' dir='ltr'>ubique</span> <span class='ocrx_word' id='word_1_53' title='bbox 1381 567 1546 609; x_wconf 87' lang='lat' dir='ltr'>possunt</span> 
     </span>
     <span class='ocr_line' id='line_1_8' title="bbox 215 624 1546 678; baseline -0.002 -12"><span class='ocrx_word' id='word_1_54' title='bbox 215 628 466 678; x_wconf 71' lang='lat' dir='ltr'>deprendunt</span> <span class='ocrx_word' id='word_1_55' title='bbox 501 634 619 676; x_wconf 85' lang='lat' dir='ltr'>atque</span> <span class='ocrx_word' id='word_1_56' title='bbox 654 626 693 663; x_wconf 92' lang='lat' dir='ltr'>in</span> <span class='ocrx_word' id='word_1_57' title='bbox 728 634 884 676; x_wconf 88' lang='lat' dir='ltr'>portum</span> <span class='ocrx_word' id='word_1_58' title='bbox 917 627 1131 671; x_wconf 91' lang='lat' dir='ltr'>deducunt,</span> <span class='ocrx_word' id='word_1_59' title='bbox 1163 637 1300 674; x_wconf 88' lang='lat' dir='ltr'>parum</span> <span class='ocrx_word' id='word_1_60' title='bbox 1332 624 1450 662; x_wconf 92' lang='lat' dir='ltr'>clavis</span> <span class='ocrx_word' id='word_1_61' title='bbox 1479 632 1546 663; x_wconf 92' lang='lat' dir='ltr'>aut</span> 
     </span>
     <span class='ocr_line' id='line_1_9' title="bbox 215 689 1544 741; baseline -0.002 -11"><span class='ocrx_word' id='word_1_62' title='bbox 215 692 375 731; x_wconf 86' lang='lat' dir='ltr'>materia</span> <span class='ocrx_word' id='word_1_63' title='bbox 404 699 522 741; x_wconf 89' lang='lat' dir='ltr'>atque</span> <span class='ocrx_word' id='word_1_64' title='bbox 554 691 804 730; x_wconf 76' lang='lat' dir='ltr'>armamentis</span> <span class='ocrx_word' id='word_1_65' title='bbox 837 689 1033 728; x_wconf 90' lang='lat' dir='ltr'>instructis</span> <span class='ocrx_word' id='word_1_66' title='bbox 1065 691 1115 728; x_wconf 93' lang='lat' dir='ltr'>ad</span> <span class='ocrx_word' id='word_1_67' title='bbox 1142 689 1308 739; x_wconf 90' lang='lat' dir='ltr'>reliquas</span> <span class='ocrx_word' id='word_1_68' title='bbox 1337 690 1544 728; x_wconf 87' lang='lat' dir='ltr'>armandas</span> 
     </span>
    </p>

    <p class='ocr_par' dir='ltr' id='par_1_5' title="bbox 177 754 1603 873">
     <span class='ocr_line' id='line_1_10' title="bbox 177 754 1542 807; baseline -0.002 -12"><span class='ocrx_word' id='word_1_69' title='bbox 177 757 525 807; x_wconf 79' lang='lat' dir='ltr'>31·eficiendasque</span> <span class='ocrx_word' id='word_1_70' title='bbox 565 763 750 803; x_wconf 67' lang='lat' dir='ltr'>utuntur,</span> <span class='ocrx_word' id='word_1_71' title='bbox 794 755 978 794; x_wconf 83' lang='lat' dir='ltr'>frumenti</span> <span class='ocrx_word' id='word_1_72' title='bbox 1018 756 1126 804; x_wconf 91' lang='lat' dir='ltr'>quod</span> <span class='ocrx_word' id='word_1_73' title='bbox 1164 754 1367 792; x_wconf 89' lang='lat' dir='ltr'>inventum</span> <span class='ocrx_word' id='word_1_74' title='bbox 1407 762 1465 793; x_wconf 86' lang='lat' dir='ltr'>est</span> <span class='ocrx_word' id='word_1_75' title='bbox 1503 754 1542 792; x_wconf 90' lang='lat' dir='ltr'>in</span> 
     </span>
     <span class='ocr_line' id='line_1_11' title="bbox 213 821 1603 873; baseline -0.003 -13"><span class='ocrx_word' id='word_1_76' title='bbox 213 822 416 873; x_wconf 87' lang='lat' dir='ltr'>publicum</span> <span class='ocrx_word' id='word_1_77' title='bbox 456 823 688 869; x_wconf 67' lang='lat' dir='ltr'>conferunt,</span> <span class='ocrx_word' id='word_1_78' title='bbox 736 821 903 871; x_wconf 87' lang='lat' dir='ltr'>reliquas</span> <span class='ocrx_word' id='word_1_79' title='bbox 942 833 1091 859; x_wconf 87' lang='lat' dir='ltr'>merces</span> <span class='ocrx_word' id='word_1_80' title='bbox 1130 827 1453 870; x_wconf 86' lang='lat' dir='ltr'>commeatusque</span> <span class='ocrx_word' id='word_1_81' title='bbox 1492 821 1542 859; x_wconf 89' lang='lat' dir='ltr'>ad</span> <span class='ocrx_word' id='word_1_82' title='bbox 1565 833 1603 856; x_wconf 77' lang='grc' dir='ltr'>ιο</span> 
     </span>
    </p>

    <p class='ocr_par' dir='ltr' id='par_1_6' title="bbox 175 883 1544 1066">
     <span class='ocr_line' id='line_1_12' title="bbox 175 883 1543 934; baseline -0.002 -9"><span class='ocrx_word' id='word_1_83' title='bbox 175 887 463 931; x_wconf 84' lang='lat' dir='ltr'>4obsidionem</span> <span class='ocrx_word' id='word_1_84' title='bbox 503 886 619 934; x_wconf 89' lang='lat' dir='ltr'>urbis,</span> <span class='ocrx_word' id='word_1_85' title='bbox 658 886 689 925; x_wconf 93' lang='lat' dir='ltr'>si</span> <span class='ocrx_word' id='word_1_86' title='bbox 727 885 891 932; x_wconf 90' lang='lat' dir='ltr'>accidat,</span> <span class='ocrx_word' id='word_1_87' title='bbox 928 892 1133 924; x_wconf 89' lang='lat' dir='ltr'>reservant.</span> <span class='ocrx_word' id='word_1_88' title='bbox 1205 883 1361 932; x_wconf 85' lang='lat' dir='ltr'>Quibus</span> <span class='ocrx_word' id='word_1_89' title='bbox 1395 884 1543 923; x_wconf 91' lang='lat' dir='ltr'>iniuriis</span> 
     </span>
     <span class='ocr_line' id='line_1_13' title="bbox 213 949 1544 1001; baseline -0.003 -10"><span class='ocrx_word' id='word_1_90' title='bbox 213 959 413 1001; x_wconf 88' lang='lat' dir='ltr'>permotus</span> <span class='ocrx_word' id='word_1_91' title='bbox 453 953 597 991; x_wconf 89' lang='lat' dir='ltr'>Caesar</span> <span class='ocrx_word' id='word_1_92' title='bbox 631 950 804 1001; x_wconf 82' lang='lat' dir='ltr'>legiones</span> <span class='ocrx_word' id='word_1_93' title='bbox 843 951 909 989; x_wconf 90' lang='lat' dir='ltr'>tris</span> <span class='ocrx_word' id='word_1_94' title='bbox 951 949 1166 988; x_wconf 84' lang='lat' dir='ltr'>Massiliam</span> <span class='ocrx_word' id='word_1_95' title='bbox 1206 949 1390 997; x_wconf 85' lang='lat' dir='ltr'>adducit;</span> <span class='ocrx_word' id='word_1_96' title='bbox 1431 950 1544 988; x_wconf 90' lang='lat' dir='ltr'>turris</span> 
     </span>
     <span class='ocr_line' id='line_1_14' title="bbox 212 1013 1543 1066; baseline -0.002 -11"><span class='ocrx_word' id='word_1_97' title='bbox 212 1016 424 1066; x_wconf 90' lang='lat' dir='ltr'>vineasque</span> <span class='ocrx_word' id='word_1_98' title='bbox 462 1017 513 1055; x_wconf 88' lang='lat' dir='ltr'>ad</span> <span class='ocrx_word' id='word_1_99' title='bbox 552 1015 889 1066; x_wconf 82' lang='lat' dir='ltr'>oppugnationem</span> <span class='ocrx_word' id='word_1_100' title='bbox 938 1014 1043 1053; x_wconf 90' lang='lat' dir='ltr'>urbis</span> <span class='ocrx_word' id='word_1_101' title='bbox 1087 1028 1211 1064; x_wconf 86' lang='lat' dir='ltr'>agere,</span> <span class='ocrx_word' id='word_1_102' title='bbox 1253 1013 1361 1052; x_wconf 91' lang='lat' dir='ltr'>navis</span> <span class='ocrx_word' id='word_1_103' title='bbox 1408 1015 1543 1064; x_wconf 87' lang='lat' dir='ltr'>longas</span> 
     </span>
    </p>

    <p class='ocr_par' dir='ltr' id='par_1_7' title="bbox 175 1077 1602 1323">
     <span class='ocr_line' id='line_1_15' title="bbox 175 1077 1544 1127; baseline -0.002 -7"><span class='ocrx_word' id='word_1_104' title='bbox 175 1091 191 1121; x_wconf 83' lang='lat'>5</span> <span class='ocrx_word' id='word_1_105' title='bbox 212 1082 368 1119; x_wconf 85' lang='lat' dir='ltr'>Arelate</span> <span class='ocrx_word' id='word_1_106' title='bbox 393 1093 558 1118; x_wconf 91' lang='lat' dir='ltr'>numero</span> <span class='ocrx_word' id='word_1_107' title='bbox 584 1091 644 1117; x_wconf 79' lang='lat' dir='ltr'>xil</span> <span class='ocrx_word' id='word_1_108' title='bbox 675 1081 802 1118; x_wconf 92' lang='lat' dir='ltr'>facere</span> <span class='ocrx_word' id='word_1_109' title='bbox 831 1079 1005 1118; x_wconf 88' lang='lat' dir='ltr'>instituit.</span> <span class='ocrx_word' id='word_1_110' title='bbox 1069 1078 1225 1127; x_wconf 86' lang='lat' dir='ltr'>Quibus</span> <span class='ocrx_word' id='word_1_111' title='bbox 1249 1077 1397 1116; x_wconf 88' lang='lat' dir='ltr'>effectis</span> <span class='ocrx_word' id='word_1_112' title='bbox 1423 1092 1544 1117; x_wconf 88' lang='lat' dir='ltr'>arma-</span> 
     </span>
     <span class='ocr_line' id='line_1_16' title="bbox 211 1143 1602 1194; baseline -0.002 -12"><span class='ocrx_word' id='word_1_113' title='bbox 211 1144 339 1194; x_wconf 90' lang='lat' dir='ltr'>tisque</span> <span class='ocrx_word' id='word_1_114' title='bbox 359 1144 500 1183; x_wconf 90' lang='lat' dir='ltr'>diebus</span> <span class='ocrx_word' id='word_1_115' title='bbox 522 1156 623 1191; x_wconf 84' lang='lat' dir='ltr'>xxx,</span> <span class='ocrx_word' id='word_1_116' title='bbox 646 1157 669 1182; x_wconf 92' lang='lat' dir='ltr'>a</span> <span class='ocrx_word' id='word_1_117' title='bbox 689 1157 767 1193; x_wconf 91' lang='lat' dir='ltr'>qua</span> <span class='ocrx_word' id='word_1_118' title='bbox 787 1143 850 1182; x_wconf 92' lang='lat' dir='ltr'>die</span> <span class='ocrx_word' id='word_1_119' title='bbox 872 1143 1033 1182; x_wconf 89' lang='lat' dir='ltr'>materia</span> <span class='ocrx_word' id='word_1_120' title='bbox 1057 1156 1170 1181; x_wconf 86' lang='lat' dir='ltr'>caesa</span> <span class='ocrx_word' id='word_1_121' title='bbox 1190 1150 1259 1189; x_wconf 92' lang='lat' dir='ltr'>est,</span> <span class='ocrx_word' id='word_1_122' title='bbox 1281 1143 1542 1194; x_wconf 86' lang='lat' dir='ltr'>adductisque</span> <span class='ocrx_word' id='word_1_123' title='bbox 1565 1157 1602 1190; x_wconf 81' lang='lat'>15</span> 
     </span>
     <span class='ocr_line' id='line_1_17' title="bbox 213 1207 1541 1259; baseline 0 -11"><span class='ocrx_word' id='word_1_124' title='bbox 213 1209 431 1248; x_wconf 87' lang='lat' dir='ltr'>Massiliam</span> <span class='ocrx_word' id='word_1_125' title='bbox 463 1209 517 1247; x_wconf 92' lang='lat' dir='ltr'>eis</span> <span class='ocrx_word' id='word_1_126' title='bbox 549 1211 597 1247; x_wconf 92' lang='lat' dir='ltr'>D.</span> <span class='ocrx_word' id='word_1_127' title='bbox 624 1211 789 1247; x_wconf 88' lang='lat' dir='ltr'>Brutum</span> <span class='ocrx_word' id='word_1_128' title='bbox 818 1208 1003 1258; x_wconf 87' lang='lat' dir='ltr'>praeficit,</span> <span class='ocrx_word' id='word_1_129' title='bbox 1028 1209 1071 1247; x_wconf 92' lang='lat' dir='ltr'>C.</span> <span class='ocrx_word' id='word_1_130' title='bbox 1096 1207 1340 1247; x_wconf 90' lang='lat' dir='ltr'>Trebonium</span> <span class='ocrx_word' id='word_1_131' title='bbox 1370 1209 1541 1259; x_wconf 86' lang='lat' dir='ltr'>legatum</span> 
     </span>
     <span class='ocr_line' id='line_1_18' title="bbox 210 1272 1051 1323; baseline -0.001 -12"><span class='ocrx_word' id='word_1_132' title='bbox 210 1274 261 1311; x_wconf 92' lang='lat' dir='ltr'>ad</span> <span class='ocrx_word' id='word_1_133' title='bbox 281 1272 617 1323; x_wconf 81' lang='lat' dir='ltr'>oppugnationem</span> <span class='ocrx_word' id='word_1_134' title='bbox 641 1272 839 1311; x_wconf 88' lang='lat' dir='ltr'>Massiliae</span> <span class='ocrx_word' id='word_1_135' title='bbox 859 1272 1051 1322; x_wconf 85' lang='lat' dir='ltr'>relinquit.</span> 
     </span>
    </p>

    <p class='ocr_par' dir='ltr' id='par_1_8' title="bbox 140 1336 1600 1585">
     <span class='ocr_line' id='line_1_19' title="bbox 140 1336 1540 1390; baseline 0.002 -15"><span class='ocrx_word' id='word_1_136' title='bbox 140 1343 188 1382; x_wconf 91' lang='grc'>37</span> <span class='ocrx_word' id='word_1_137' title='bbox 265 1340 372 1376; x_wconf 90' lang='lat' dir='ltr'>Dum</span> <span class='ocrx_word' id='word_1_138' title='bbox 403 1339 500 1376; x_wconf 88' lang='lat' dir='ltr'>haec</span> <span class='ocrx_word' id='word_1_139' title='bbox 530 1344 638 1387; x_wconf 89' lang='lat' dir='ltr'>parat</span> <span class='ocrx_word' id='word_1_140' title='bbox 667 1344 785 1387; x_wconf 89' lang='lat' dir='ltr'>atque</span> <span class='ocrx_word' id='word_1_141' title='bbox 814 1336 1071 1384; x_wconf 90' lang='lat' dir='ltr'>administrat,</span> <span class='ocrx_word' id='word_1_142' title='bbox 1104 1339 1147 1377; x_wconf 90' lang='lat' dir='ltr'>C.</span> <span class='ocrx_word' id='word_1_143' title='bbox 1174 1338 1339 1377; x_wconf 89' lang='lat' dir='ltr'>Fabium</span> <span class='ocrx_word' id='word_1_144' title='bbox 1370 1341 1540 1390; x_wconf 90' lang='lat' dir='ltr'>legatum</span> 
     </span>
     <span class='ocr_line' id='line_1_20' title="bbox 209 1402 1540 1453; baseline 0.002 -12"><span class='ocrx_word' id='word_1_145' title='bbox 209 1416 299 1441; x_wconf 90' lang='lat' dir='ltr'>cum</span> <span class='ocrx_word' id='word_1_146' title='bbox 320 1402 541 1452; x_wconf 87' lang='lat' dir='ltr'>legionibus</span> <span class='ocrx_word' id='word_1_147' title='bbox 563 1414 621 1449; x_wconf 92' lang='lat'>111,</span> <span class='ocrx_word' id='word_1_148' title='bbox 639 1415 735 1452; x_wconf 86' lang='lat' dir='ltr'>quas</span> <span class='ocrx_word' id='word_1_149' title='bbox 751 1403 939 1441; x_wconf 88' lang='lat' dir='ltr'>Narbone</span> <span class='ocrx_word' id='word_1_150' title='bbox 961 1402 1188 1453; x_wconf 89' lang='lat' dir='ltr'>circumque</span> <span class='ocrx_word' id='word_1_151' title='bbox 1205 1417 1251 1442; x_wconf 89' lang='lat' dir='ltr'>ea</span> <span class='ocrx_word' id='word_1_152' title='bbox 1266 1405 1353 1442; x_wconf 90' lang='lat' dir='ltr'>loca</span> <span class='ocrx_word' id='word_1_153' title='bbox 1368 1404 1540 1443; x_wconf 89' lang='lat' dir='ltr'>hieman-</span> 
     </span>
     <span class='ocr_line' id='line_1_21' title="bbox 208 1467 1600 1520; baseline 0.002 -14"><span class='ocrx_word' id='word_1_154' title='bbox 208 1467 248 1506; x_wconf 91' lang='lat' dir='ltr'>di</span> <span class='ocrx_word' id='word_1_155' title='bbox 280 1481 397 1506; x_wconf 87' lang='lat' dir='ltr'>causa</span> <span class='ocrx_word' id='word_1_156' title='bbox 428 1467 683 1517; x_wconf 84' lang='lat' dir='ltr'>disposuerat,</span> <span class='ocrx_word' id='word_1_157' title='bbox 708 1467 747 1505; x_wconf 92' lang='lat' dir='ltr'>in</span> <span class='ocrx_word' id='word_1_158' title='bbox 777 1467 1013 1518; x_wconf 87' lang='lat' dir='ltr'>Hispaniam</span> <span class='ocrx_word' id='word_1_159' title='bbox 1042 1469 1254 1518; x_wconf 88' lang='lat' dir='ltr'>praemittit</span> <span class='ocrx_word' id='word_1_160' title='bbox 1285 1470 1539 1520; x_wconf 84' lang='lat' dir='ltr'>celeriterque</span> <span class='ocrx_word' id='word_1_161' title='bbox 1561 1483 1600 1504; x_wconf 91' lang='lat'>20</span> 
     </span>
     <span class='ocr_line' id='line_1_22' title="bbox 208 1532 1535 1585; baseline 0.004 -15"><span class='ocrx_word' id='word_1_162' title='bbox 208 1533 327 1570; x_wconf 89' lang='lat' dir='ltr'>saltus</span> <span class='ocrx_word' id='word_1_163' title='bbox 368 1534 588 1581; x_wconf 88' lang='lat' dir='ltr'>Pyrenaeos</span> <span class='ocrx_word' id='word_1_164' title='bbox 627 1532 811 1582; x_wconf 89' lang='lat' dir='ltr'>occupari</span> <span class='ocrx_word' id='word_1_165' title='bbox 849 1532 968 1580; x_wconf 91' lang='lat' dir='ltr'>iubet,</span> <span class='ocrx_word' id='word_1_166' title='bbox 1005 1533 1072 1583; x_wconf 91' lang='lat' dir='ltr'>qui</span> <span class='ocrx_word' id='word_1_167' title='bbox 1106 1547 1154 1572; x_wconf 91' lang='lat' dir='ltr'>eo</span> <span class='ocrx_word' id='word_1_168' title='bbox 1189 1542 1365 1585; x_wconf 87' lang='lat' dir='ltr'>tempore</span> <span class='ocrx_word' id='word_1_169' title='bbox 1403 1536 1453 1574; x_wconf 90' lang='lat' dir='ltr'>ab</span> <span class='ocrx_word' id='word_1_170' title='bbox 1492 1537 1535 1574; x_wconf 94' lang='lat' dir='ltr'>L.</span> 
     </span>
    </p>

    <p class='ocr_par' dir='ltr' id='par_1_9' title="bbox 172 1597 1536 1650">
     <span class='ocr_line' id='line_1_23' title="bbox 172 1597 1536 1650; baseline 0.004 -16"><span class='ocrx_word' id='word_1_171' title='bbox 172 1610 185 1630; x_wconf 89' lang='lat'>2</span> <span class='ocrx_word' id='word_1_172' title='bbox 209 1597 370 1635; x_wconf 86' lang='lat' dir='ltr'>Afranio</span> <span class='ocrx_word' id='word_1_173' title='bbox 402 1598 529 1646; x_wconf 86' lang='lat' dir='ltr'>legato</span> <span class='ocrx_word' id='word_1_174' title='bbox 568 1597 770 1647; x_wconf 86' lang='lat' dir='ltr'>praesidiis</span> <span class='ocrx_word' id='word_1_175' title='bbox 805 1598 1048 1636; x_wconf 89' lang='lat' dir='ltr'>tenebantur.</span> <span class='ocrx_word' id='word_1_176' title='bbox 1125 1599 1313 1650; x_wconf 89' lang='lat' dir='ltr'>Reliquas</span> <span class='ocrx_word' id='word_1_177' title='bbox 1352 1600 1536 1650; x_wconf 88' lang='lat' dir='ltr'>legiones,</span> 
     </span>
    </p>

    <p class='ocr_par' dir='ltr' id='par_1_10' title="bbox 172 1662 1594 1841">
     <span class='ocr_line' id='line_1_24' title="bbox 172 1662 1538 1713; baseline 0.003 -13"><span class='ocrx_word' id='word_1_178' title='bbox 172 1677 188 1706; x_wconf 79' lang='lat'>3</span> <span class='ocrx_word' id='word_1_179' title='bbox 208 1676 308 1712; x_wconf 93' lang='lat' dir='ltr'>quae</span> <span class='ocrx_word' id='word_1_180' title='bbox 340 1662 493 1712; x_wconf 88' lang='lat' dir='ltr'>longius</span> <span class='ocrx_word' id='word_1_181' title='bbox 526 1662 764 1710; x_wconf 86' lang='lat' dir='ltr'>hiemabant,</span> <span class='ocrx_word' id='word_1_182' title='bbox 799 1663 987 1713; x_wconf 86' lang='lat' dir='ltr'>subsequi</span> <span class='ocrx_word' id='word_1_183' title='bbox 1020 1663 1139 1702; x_wconf 88' lang='lat' dir='ltr'>iubet.</span> <span class='ocrx_word' id='word_1_184' title='bbox 1201 1665 1355 1713; x_wconf 90' lang='lat' dir='ltr'>Fabius,</span> <span class='ocrx_word' id='word_1_185' title='bbox 1386 1673 1427 1704; x_wconf 92' lang='lat' dir='ltr'>ut</span> <span class='ocrx_word' id='word_1_186' title='bbox 1458 1673 1538 1704; x_wconf 89' lang='lat' dir='ltr'>erat</span> 
     </span>
     <span class='ocr_line' id='line_1_25' title="bbox 207 1726 1537 1778; baseline 0.005 -15"><span class='ocrx_word' id='word_1_187' title='bbox 207 1726 452 1776; x_wconf 87' lang='lat' dir='ltr'>imperatum,</span> <span class='ocrx_word' id='word_1_188' title='bbox 485 1727 662 1766; x_wconf 89' lang='lat' dir='ltr'>adhibita</span> <span class='ocrx_word' id='word_1_189' title='bbox 691 1727 888 1766; x_wconf 89' lang='lat' dir='ltr'>celeritate</span> <span class='ocrx_word' id='word_1_190' title='bbox 917 1728 1155 1778; x_wconf 90' lang='lat' dir='ltr'>praesidium</span> <span class='ocrx_word' id='word_1_191' title='bbox 1186 1743 1232 1768; x_wconf 87' lang='lat' dir='ltr'>ex</span> <span class='ocrx_word' id='word_1_192' title='bbox 1264 1731 1363 1768; x_wconf 89' lang='lat' dir='ltr'>saltu</span> <span class='ocrx_word' id='word_1_193' title='bbox 1395 1730 1537 1769; x_wconf 85' lang='lat' dir='ltr'>deiecit</span> 
     </span>
     <span class='ocr_line' id='line_1_26' title="bbox 208 1791 1594 1841; baseline 0.006 -13"><span class='ocrx_word' id='word_1_194' title='bbox 208 1791 437 1841; x_wconf 86' lang='lat' dir='ltr'>magnisque</span> <span class='ocrx_word' id='word_1_195' title='bbox 458 1791 662 1830; x_wconf 90' lang='lat' dir='ltr'>itineribus</span> <span class='ocrx_word' id='word_1_196' title='bbox 683 1793 733 1831; x_wconf 91' lang='lat' dir='ltr'>ad</span> <span class='ocrx_word' id='word_1_197' title='bbox 754 1792 966 1831; x_wconf 85' lang='lat' dir='ltr'>exercitum</span> <span class='ocrx_word' id='word_1_198' title='bbox 987 1794 1123 1832; x_wconf 89' lang='lat' dir='ltr'>Afrani</span> <span class='ocrx_word' id='word_1_199' title='bbox 1144 1795 1358 1834; x_wconf 90' lang='lat' dir='ltr'>contendit.</span> <span class='ocrx_word' id='word_1_200' title='bbox 1558 1806 1594 1837; x_wconf 86' lang='lat'>²5</span> 
     </span>
    </p>

    <p class='ocr_par' dir='ltr' id='par_1_11' title="bbox 136 1854 1593 2167">
     <span class='ocr_line' id='line_1_27' title="bbox 136 1854 1534 1909; baseline 0.004 -16"><span class='ocrx_word' id='word_1_201' title='bbox 136 1854 186 1900; x_wconf 88' lang='lat'>38</span> <span class='ocrx_word' id='word_1_202' title='bbox 261 1857 446 1895; x_wconf 88' lang='lat' dir='ltr'>Adventu</span> <span class='ocrx_word' id='word_1_203' title='bbox 477 1858 520 1894; x_wconf 92' lang='lat' dir='ltr'>L.</span> <span class='ocrx_word' id='word_1_204' title='bbox 544 1856 692 1895; x_wconf 87' lang='lat' dir='ltr'>Vibulli</span> <span class='ocrx_word' id='word_1_205' title='bbox 727 1859 831 1904; x_wconf 88' lang='lat' dir='ltr'>Rufi,</span> <span class='ocrx_word' id='word_1_206' title='bbox 865 1871 983 1908; x_wconf 91' lang='lat' dir='ltr'>quem</span> <span class='ocrx_word' id='word_1_207' title='bbox 1015 1872 1038 1896; x_wconf 83' lang='lat' dir='ltr'>a</span> <span class='ocrx_word' id='word_1_208' title='bbox 1069 1859 1260 1909; x_wconf 89' lang='lat' dir='ltr'>Pompeio</span> <span class='ocrx_word' id='word_1_209' title='bbox 1299 1859 1461 1898; x_wconf 91' lang='lat' dir='ltr'>missum</span> <span class='ocrx_word' id='word_1_210' title='bbox 1495 1859 1534 1898; x_wconf 93' lang='lat' dir='ltr'>in</span> 
     </span>
     <span class='ocr_line' id='line_1_28' title="bbox 208 1920 1532 1972; baseline 0.004 -14"><span class='ocrx_word' id='word_1_211' title='bbox 208 1920 444 1970; x_wconf 88' lang='lat' dir='ltr'>Hispaniam</span> <span class='ocrx_word' id='word_1_212' title='bbox 462 1922 775 1960; x_wconf 87' lang='lat' dir='ltr'>demonstratum</span> <span class='ocrx_word' id='word_1_213' title='bbox 793 1929 862 1970; x_wconf 90' lang='lat' dir='ltr'>est,</span> <span class='ocrx_word' id='word_1_214' title='bbox 882 1923 1064 1962; x_wconf 91' lang='lat' dir='ltr'>Afranius</span> <span class='ocrx_word' id='word_1_215' title='bbox 1086 1931 1123 1962; x_wconf 92' lang='lat' dir='ltr'>et</span> <span class='ocrx_word' id='word_1_216' title='bbox 1146 1924 1319 1963; x_wconf 91' lang='lat' dir='ltr'>Petreius</span> <span class='ocrx_word' id='word_1_217' title='bbox 1340 1932 1378 1963; x_wconf 87' lang='lat' dir='ltr'>et</span> <span class='ocrx_word' id='word_1_218' title='bbox 1397 1927 1532 1972; x_wconf 90' lang='lat' dir='ltr'>Varro,</span> 
     </span>
     <span class='ocr_line' id='line_1_29' title="bbox 205 1985 1536 2038; baseline 0.005 -17"><span class='ocrx_word' id='word_1_219' title='bbox 205 1985 319 2034; x_wconf 88' lang='lat' dir='ltr'>legati</span> <span class='ocrx_word' id='word_1_220' title='bbox 350 1985 526 2035; x_wconf 90' lang='lat' dir='ltr'>Pompei,</span> <span class='ocrx_word' id='word_1_221' title='bbox 561 1999 728 2035; x_wconf 89' lang='lat' dir='ltr'>quorum</span> <span class='ocrx_word' id='word_1_222' title='bbox 763 2000 864 2026; x_wconf 91' lang='lat' dir='ltr'>unus</span> <span class='ocrx_word' id='word_1_223' title='bbox 898 1987 1134 2038; x_wconf 86' lang='lat' dir='ltr'>Hispaniam</span> <span class='ocrx_word' id='word_1_224' title='bbox 1165 1989 1383 2028; x_wconf 89' lang='lat' dir='ltr'>citeriorem</span> <span class='ocrx_word' id='word_1_225' title='bbox 1413 1991 1536 2028; x_wconf 74' lang='lat' dir='ltr'>tribus</span> 
     </span>
     <span class='ocr_line' id='line_1_30' title="bbox 204 2050 1532 2097; baseline 0.005 -12"><span class='ocrx_word' id='word_1_226' title='bbox 204 2050 416 2097; x_wconf 77' lang='lat' dir='ltr'>legionibus,</span> <span class='ocrx_word' id='word_1_227' title='bbox 446 2052 547 2087; x_wconf 76' lang='lat' dir='ltr'>alter</span> <span class='ocrx_word' id='word_1_228' title='bbox 575 2052 789 2088; x_wconf 75' lang='lat' dir='ltr'>ulteriorem</span> <span class='ocrx_word' id='word_1_229' title='bbox 823 2065 846 2089; x_wconf 88' lang='lat' dir='ltr'>a</span> <span class='ocrx_word' id='word_1_230' title='bbox 877 2053 976 2090; x_wconf 90' lang='lat' dir='ltr'>saltu</span> <span class='ocrx_word' id='word_1_231' title='bbox 1009 2053 1286 2091; x_wconf 91' lang='lat' dir='ltr'>Castulonensi</span> <span class='ocrx_word' id='word_1_232' title='bbox 1319 2054 1370 2091; x_wconf 91' lang='lat' dir='ltr'>ad</span> <span class='ocrx_word' id='word_1_233' title='bbox 1402 2055 1532 2092; x_wconf 91' lang='lat' dir='ltr'>Anam</span> 
     </span>
     <span class='ocr_line' id='line_1_31' title="bbox 205 2113 1593 2167; baseline 0.005 -17"><span class='ocrx_word' id='word_1_234' title='bbox 205 2113 359 2151; x_wconf 89' lang='lat' dir='ltr'>duabus</span> <span class='ocrx_word' id='word_1_235' title='bbox 384 2113 614 2163; x_wconf 88' lang='lat' dir='ltr'>legionibus,</span> <span class='ocrx_word' id='word_1_236' title='bbox 645 2115 780 2154; x_wconf 91' lang='lat' dir='ltr'>tertius</span> <span class='ocrx_word' id='word_1_237' title='bbox 811 2116 860 2154; x_wconf 94' lang='lat' dir='ltr'>ab</span> <span class='ocrx_word' id='word_1_238' title='bbox 892 2118 979 2154; x_wconf 92' lang='lat' dir='ltr'>Ana</span> <span class='ocrx_word' id='word_1_239' title='bbox 1009 2118 1226 2155; x_wconf 89' lang='lat' dir='ltr'>Vettonum</span> <span class='ocrx_word' id='word_1_240' title='bbox 1257 2131 1391 2167; x_wconf 87' lang='lat' dir='ltr'>agrurn</span> <span class='ocrx_word' id='word_1_241' title='bbox 1424 2118 1533 2156; x_wconf 89' lang='lat' dir='ltr'>Lusi-</span> <span class='ocrx_word' id='word_1_242' title='bbox 1554 2128 1593 2158; x_wconf 82' lang='lat'>30</span> 
     </span>
    </p>

    <p class='ocr_par' dir='ltr' id='par_1_12' title="bbox 169 2177 1532 2296">
     <span class='ocr_line' id='line_1_32' title="bbox 169 2177 1532 2230; baseline 0.005 -16"><span class='ocrx_word' id='word_1_243' title='bbox 169 2195 183 2215; x_wconf 88' lang='lat'><strong>2</strong></span> <span class='ocrx_word' id='word_1_244' title='bbox 205 2177 431 2227; x_wconf 84' lang='lat' dir='ltr'>taniamque</span> <span class='ocrx_word' id='word_1_245' title='bbox 456 2178 537 2228; x_wconf 90' lang='lat' dir='ltr'>pari</span> <span class='ocrx_word' id='word_1_246' title='bbox 565 2193 730 2218; x_wconf 92' lang='lat' dir='ltr'>numero</span> <span class='ocrx_word' id='word_1_247' title='bbox 754 2180 954 2230; x_wconf 89' lang='lat' dir='ltr'>legionum</span> <span class='ocrx_word' id='word_1_248' title='bbox 981 2182 1197 2228; x_wconf 86' lang='lat' dir='ltr'>obtinebat,</span> <span class='ocrx_word' id='word_1_249' title='bbox 1220 2182 1347 2220; x_wconf 87' lang='lat' dir='ltr'>officia</span> <span class='ocrx_word' id='word_1_250' title='bbox 1372 2183 1471 2222; x_wconf 91' lang='lat' dir='ltr'>inter</span> <span class='ocrx_word' id='word_1_251' title='bbox 1490 2196 1532 2222; x_wconf 94' lang='lat' dir='ltr'>se</span> 
     </span>
     <span class='ocr_line' id='line_1_33' title="bbox 204 2242 1530 2296; baseline 0.005 -16"><span class='ocrx_word' id='word_1_252' title='bbox 204 2242 433 2292; x_wconf 89' lang='lat' dir='ltr'>partiuntur,</span> <span class='ocrx_word' id='word_1_253' title='bbox 474 2243 529 2281; x_wconf 91' lang='lat' dir='ltr'>uti</span> <span class='ocrx_word' id='word_1_254' title='bbox 570 2245 744 2283; x_wconf 90' lang='lat' dir='ltr'>Petreius</span> <span class='ocrx_word' id='word_1_255' title='bbox 783 2259 830 2283; x_wconf 85' lang='lat' dir='ltr'>ex</span> <span class='ocrx_word' id='word_1_256' title='bbox 869 2245 1070 2285; x_wconf 87' lang='lat' dir='ltr'>Lusitania</span> <span class='ocrx_word' id='word_1_257' title='bbox 1109 2260 1176 2296; x_wconf 89' lang='lat' dir='ltr'>per</span> <span class='ocrx_word' id='word_1_258' title='bbox 1210 2248 1402 2286; x_wconf 87' lang='lat' dir='ltr'>Vettones</span> <span class='ocrx_word' id='word_1_259' title='bbox 1441 2261 1530 2286; x_wconf 92' lang='lat' dir='ltr'>cum</span> 
     </span>
    </p>
   </div>
   <div class='ocr_carea' id='block_1_3' title="bbox 204 2345 1530 2431">
    <p class='ocr_par' dir='ltr' id='par_1_13' title="bbox 204 2345 1530 2431">
     <span class='ocr_line' id='line_1_34' title="bbox 248 2345 1530 2391; baseline 0.005 -16"><span class='ocrx_word' id='word_1_260' title='bbox 248 2356 287 2384; x_wconf 89' lang='lat'>27</span> <span class='ocrx_word' id='word_1_261' title='bbox 314 2345 514 2385; x_wconf 87' lang='lat' dir='ltr'>Hispaniam</span> <span class='ocrx_word' id='word_1_262' title='bbox 546 2347 679 2378; x_wconf 80' lang='lat' dir='ltr'>Aldus:</span> <span class='ocrx_word' id='word_1_263' title='bbox 707 2348 874 2389; x_wconf 86' lang='lat' dir='ltr'>Hispania</span> <span class='ocrx_word' id='word_1_264' title='bbox 891 2348 929 2378; x_wconf 91' lang='lat' dir='ltr'><em>X</em></span> <span class='ocrx_word' id='word_1_265' title='bbox 1034 2352 1076 2381; x_wconf 85' lang='lat'>28</span> <span class='ocrx_word' id='word_1_266' title='bbox 1100 2350 1209 2382; x_wconf 87' lang='lat' dir='ltr'>tribus</span> <span class='ocrx_word' id='word_1_267' title='bbox 1225 2350 1424 2391; x_wconf 74' lang='lat' dir='ltr'>legionibus,</span> <span class='ocrx_word' id='word_1_268' title='bbox 1443 2351 1530 2383; x_wconf 84' lang='lat' dir='ltr'>alter</span> 
     </span>
     <span class='ocr_line' id='line_1_35' title="bbox 204 2389 689 2431; baseline 0.006 -12"><span class='ocrx_word' id='word_1_269' title='bbox 204 2389 398 2420; x_wconf 87' lang='lat' dir='ltr'>ulteriorem</span> <span class='ocrx_word' id='word_1_270' title='bbox 416 2390 489 2421; x_wconf 80' lang='lat' dir='ltr'>add.</span> <span class='ocrx_word' id='word_1_271' title='bbox 509 2391 689 2431; x_wconf 71' lang='lat' dir='ltr'>Nipperdey</span> 
     </span>
    </p>
   </div>
  </div>
 </body>
</html>
