1705 2729
618 120 855 158 INCERTI
886 120 1170 164 AVCTORIS

229 228 380 279 abripi,
420 229 474 268 eis
513 243 554 268 se
590 228 662 282 [in]
699 230 847 268 miseris
882 244 1072 281 suamquc
1106 233 1225 271 fidem
1260 233 1559 283 implorantibus

189 301 207 331 6
228 293 370 331 auxilio
391 302 548 344 propter
567 294 768 344 copiarum
790 295 1026 345 paucitatem
1044 309 1128 335 esse
1144 310 1223 335 non
1240 310 1364 348 posse.
1412 298 1558 337 Milites

228 357 382 396 interim
403 359 442 396 in
463 372 580 409 opere
602 373 778 399 exercere
798 368 916 410 atque
937 368 1061 399 castra
1080 361 1242 408 munire,
1262 362 1382 409 turris,
1402 365 1558 402 castella

227 424 352 461 facere
374 425 576 473 molesque
596 424 721 463 iacere
738 425 777 462 in
798 438 903 463 mare
923 439 1004 463 non
1025 425 1287 465 intermittere.

155 495 204 534 27
281 488 411 538 Scipio
432 488 586 527 interim
616 490 846 539 elephantos
874 491 950 528 hoc
977 492 1098 528 modo
1122 492 1427 531 condocefacere
1453 492 1558 531 insti·
1577 506 1594 537 5

225 552 306 590 tuit.
371 555 479 591 Duas
519 554 696 592 instruxit
734 554 847 601 acies,
883 568 1001 592 unam
1036 554 1277 593 funditorum
1316 564 1451 594 contra
1484 559 1557 596 ele-

224 618 402 666 phantos,
421 631 522 667 quae
543 618 652 668 quasi
673 619 981 657 adversariorum
1002 621 1133 657 locum
1150 620 1343 659 obtineret
1363 629 1401 659 et
1421 629 1558 660 contra

223 697 358 722 eorum
380 686 547 723 frontem
575 686 778 724 adversam
805 685 957 735 lapillos
987 685 1159 723 minutos
1188 686 1358 724 mitteret
1372 701 1382 734 3
1411 686 1556 726 deinde

222 748 261 786 in
302 749 480 788 ordinem
520 751 750 800 elephantos
789 750 1001 797 constituit,
1038 758 1126 800 post
1159 750 1245 788 illos
1278 758 1410 789 autern
1444 765 1554 790 suam

222 813 345 852 aciem
368 814 545 852 instruxit
571 822 623 861 ut,
647 828 737 852 cum
766 815 816 853 ab
846 813 1073 852 adversariis
1102 814 1251 864 lapides
1278 814 1379 853 mitti
1408 815 1555 866 coepis-
1576 831 1614 854 10

222 885 307 916 sent
324 885 361 917 et
376 879 573 929 elephanti
595 879 783 929 perterriti
805 892 845 917 se
865 880 916 917 ad
937 891 1028 917 suos
1049 878 1340 926 convertissent,
1359 893 1488 918 rursus
1503 881 1553 919 ab

222 957 292 983 sua
310 944 393 983 acie
415 944 610 994 lapidibus
639 944 765 982 missis
796 957 863 983 eos
890 950 1161 982 converterent
1180 945 1364 982 adversus
1386 946 1550 983 hostem.

185 1032 201 1053 2
224 1010 344 1058 Quod
373 1022 485 1058 aegre
516 1010 704 1059 tardeque
735 1009 853 1048 fiebat
870 1023 880 1056 3
909 1010 1025 1047 rudes
1055 1008 1159 1047 enim
1189 1008 1385 1059 elephanti
1416 1012 1554 1049 multo-

222 1088 307 1112 rum
341 1086 532 1112 annorum
569 1073 747 1112 doctrina
785 1087 936 1123 usuque
970 1080 1123 1112 vetusto
1153 1073 1215 1111 vix
1253 1073 1383 1112 edocti
1421 1081 1552 1113 tamen

221 1137 423 1177 communi
445 1137 618 1188 periculo
639 1137 678 1175 in
699 1137 823 1176 aciem
845 1138 1125 1187 producuntur.
1575 1155 1612 1188 ¹5

151 1203 201 1240 28
278 1205 384 1241 Dum
418 1204 515 1241 haec
551 1203 602 1241 ad
639 1202 858 1253 Ruspinam
892 1203 942 1241 ab
977 1202 1150 1252 utrisque
1183 1202 1351 1242 ducibus
1389 1203 1553 1242 admini—

221 1275 399 1315 strantur,
416 1268 459 1307 C.
478 1267 671 1317 Vergilius
693 1267 919 1317 praetorius,
935 1267 1001 1317 qui
1018 1267 1167 1317 Thapsi
1187 1267 1336 1317 oppido
1357 1268 1552 1306 maritimo

220 1340 404 1384 praeerat,
428 1345 519 1371 cum
547 1332 723 1370 animum
752 1331 980 1371 advertisset
1004 1332 1112 1370 navis
1137 1332 1307 1382 singulas
1331 1346 1422 1371 curn
1450 1347 1552 1372 exer-

220 1399 299 1438 citu
338 1397 515 1438 Caesaris
558 1396 722 1436 incertas
765 1399 941 1435 locorum
981 1405 1099 1447 atque
1138 1405 1352 1435 castrorum
1391 1411 1551 1436 suorum

219 1463 357 1514 vagari,
374 1462 622 1501 occasionem
647 1469 784 1500 nactus
805 1475 945 1500 navem
967 1475 1085 1512 quam
1107 1461 1160 1500 ibi
1182 1462 1319 1500 habuit
1338 1463 1551 1501 actuariam
1572 1480 1612 1501 20

220 1530 392 1579 complet
414 1527 601 1565 militibus
628 1534 665 1565 et
693 1526 896 1577 sagittariis
918 1534 956 1565 et
978 1527 1106 1565 eidem
1129 1528 1294 1577 scaphas
1316 1528 1366 1566 de
1386 1529 1551 1567 navibus

184 1613 199 1634 2
220 1593 395 1644 adiungit
416 1606 461 1631 ac
483 1592 652 1642 singulas
675 1591 782 1630 navis
801 1591 1054 1631 Caesarianas
1075 1592 1292 1630 consectari
1313 1592 1453 1643 coepit.
1501 1595 1552 1631 Et

220 1673 310 1698 cum
331 1658 449 1709 pluris
471 1658 630 1696 adortus
659 1664 760 1695 esset
787 1658 921 1707 pulsus
943 1658 1176 1707 fugatusque
1196 1657 1289 1696 inde
1310 1657 1551 1697 discessisset

219 1738 292 1763 nec
322 1732 454 1762 tamen
485 1722 687 1760 desisteret
720 1721 937 1772 periclitari,
969 1723 1066 1760 forte
1096 1721 1233 1761 incidit
1262 1722 1302 1760 in
1331 1736 1483 1770 navem,
1510 1723 1550 1761 in

219 1803 295 1840 qua
322 1796 430 1827 erant
460 1789 540 1826 duo
560 1787 665 1834 Titii,
699 1786 867 1837 Hispani
899 1788 1182 1834 adulescentes,
1216 1787 1360 1826 tribuni
1387 1788 1550 1838 legionis
1572 1805 1610 1838 ²5

219 1867 267 1902 v.‚
291 1867 457 1904 quorum
487 1860 636 1903 patrem
671 1853 815 1891 Caesar
844 1852 882 1889 in
916 1861 1095 1891 senatum
1125 1854 1280 1903 legerat,
1307 1861 1345 1891 et
1372 1866 1462 1891 cum
1490 1853 1550 1891 his

218 1921 263 1957 T.
297 1919 484 1965 Salienus,
516 1917 692 1956 centurio
725 1918 887 1968 legionis
920 1919 1107 1966 eiusdem,
1141 1918 1208 1968 qui
1239 1919 1293 1956 M.
1323 1920 1549 1956 Messallam

218 1987 388 2034 legatum
405 1984 613 2022 obsederat
629 1986 838 2022 Messanae
856 1984 926 2037 [et]
942 1983 1237 2023 seditiosissima
1253 1983 1428 2022 oratione
1443 1985 1551 2033 apud

219 2063 309 2087 eum
330 2063 422 2087 usus
443 2049 628 2099 idemque
645 2052 853 2101 pecuniam
873 2059 910 2089 et
928 2058 1157 2089 ornamenta
1173 2049 1358 2100 triumphi
1373 2049 1550 2088 Caesaris

218 2114 422 2153 retinenda
460 2122 496 2152 et
535 2116 794 2155 custodienda
837 2124 987 2154 curarat
1026 2123 1063 2154 et
1102 2116 1154 2153 ob
1194 2116 1262 2152 has
1301 2127 1438 2152 causas
1476 2113 1550 2152 sibi
1570 2122 1611 2152 30

183 2197 200 2227 3
218 2179 391 2219 timebat.
437 2181 516 2219 Hic
532 2190 689 2232 propter
712 2182 993 2221 conscientiam
1016 2189 1268 2231 peccatorum
1289 2193 1448 2218 suorum
1469 2192 1552 2229 per-

266 2297 278 2316 1
306 2286 428 2326 abripi:
454 2288 503 2318 eis
525 2286 578 2327 se]
601 2287 787 2326 abripuisse
813 2286 873 2325 (—pi
895 2285 971 2325 iis2]
996 2284 1102 2315 D‘T':
1133 2284 1324 2323 obripuisse
1349 2282 1408 2313 L¹:
1440 2283 1549 2322 obripi

220 2331 272 2360 his
289 2341 326 2360 se
345 2331 432 2360 L2'U‘
538 2331 570 2360 in
589 2331 655 2361 secl.
680 2329 834 2369 [Vodfflin
949 2327 1082 2358 miseris
1099 2327 1152 2357 D:
1178 2327 1323 2358 miseriis
1340 2329 1362 2361 β
1529 2336 1551 2364 9

219 2375 373 2404 ordinem
392 2373 420 2403 L
438 2386 444 2405 :
468 2373 586 2404 ordine
605 2377 668 2404 cell.
785 2383 822 2402 21
850 2372 978 2403 eisdem
1002 2372 1032 2402 T
1141 2381 1181 2409 23
1205 2370 1483 2408 discessissetque
1501 2369 1550 2399 Ι)2

222 2428 327 2458 marg.
350 2430 356 2448 ε
393 2418 548 2448 discessit
566 2417 625 2447 sed
650 2417 685 2446 Tl
831 2417 872 2445 28
897 2420 929 2445 et
943 2418 1019 2455 post
1036 2415 1214 2445 Messanae
1232 2414 1288 2445 del.
1307 2413 1427 2444 Davt'es
