1705 2729
348 133 422 170 DE
453 131 631 170 BELLO
661 131 1076 169 ALEXANDRINO
1107 131 1277 168 LIBER

155 244 285 282 hostes
324 244 486 281 classem
525 242 722 287 haberent,
760 241 955 291 prohiberi
996 255 1079 279 sese
1123 255 1203 279 non
1242 255 1356 291 posse
1395 256 1474 291 quo

154 306 282 344 minus
311 305 455 345 cotidie
485 306 649 344 navibus
678 319 820 355 aquam
851 314 1026 355 peterent
1051 307 1110 344 vel
1138 320 1160 344 a
1187 305 1340 344 sinistra
1366 314 1473 356 parte

152 385 175 409 a
196 369 426 408 Paraetonio
456 371 515 408 vel
542 383 564 407 a
591 370 724 408 dextra
750 370 800 407 ab
830 369 964 414 insula,
989 383 1089 419 quae
1119 370 1293 408 diversae
1323 370 1474 419 naviga-

153 433 278 472 tiones
298 447 513 483 numquam
535 447 614 471 uno
635 441 810 483 tempore
836 433 1008 471 adversis
1029 433 1154 472 ventis
1182 435 1474 483 praecluderen-

115 507 132 538 5
153 505 222 535 tur.
283 500 411 547 Fugae
436 511 526 536 vero
553 498 703 534 nullum
731 510 814 534 esse
836 497 1042 535 consilium
1071 511 1150 535 non
1179 499 1304 535 solum
1330 498 1385 536 eis
1406 498 1472 548 qui
1495 508 1512 538 3

152 560 315 611 primam
346 561 576 611 dignitatem
603 561 801 607 haberent,
830 562 898 599 sed
926 575 975 599 ne
1005 561 1059 599 eis
1089 561 1249 610 quidem
1281 562 1346 611 qui
1377 562 1472 599 nihil

152 632 421 675 praeterquam
453 626 502 663 de
531 624 609 662 vita
640 624 864 674 cogitarent.
931 627 1079 674 Magno
1112 625 1272 676 negotio
1303 626 1472 676 impetus
1493 641 1511 670 4

152 689 323 727 hostium
343 690 525 727 adversos
546 702 591 727 ex
613 688 896 727 munitionibus
924 689 1138 735 sustinere:
1168 690 1311 739 quibus
1332 690 1473 728 relictis

152 766 224 791 nec
253 754 340 791 loco
370 766 442 791 nec
476 766 639 791 numero
671 766 780 802 pares
815 766 899 792 esse
934 767 1059 803 posse.
1121 755 1308 803 Magnam
1342 762 1471 792 autem
1495 764 1511 794 5

96 828 133 849 10
153 830 299 855 moram
338 824 376 855 et
414 817 682 855 difficultatem
717 831 923 856 ascensum
959 817 998 854 in
1033 817 1142 855 navis
1176 819 1330 864 habere,
1368 832 1473 868 prae-

151 880 280 919 sertim
311 895 357 918 ex
391 880 571 930 scaphis;
615 894 807 919 summam
840 895 924 920 esse
958 889 1093 919 contra
1127 881 1165 919 in
1198 882 1471 920 Alexandrinis

150 944 396 983 velocitatem
434 946 688 994 locorumque
727 953 765 983 et
803 945 1070 983 aedificiorum
1114 945 1303 984 notitiam.
1384 948 1471 984 Hos
1493 952 1511 982 6

150 1009 356 1059 praecipue
386 1008 425 1046 in
449 1008 610 1047 victoria
638 1008 840 1047 insolentis
869 1023 1142 1059 praecursuros
1169 1017 1207 1048 et
1237 1011 1322 1048 loca
1351 1011 1471 1048 excel-

150 1072 251 1112 siora
294 1080 411 1122 atque
449 1072 626 1111 aedificia
664 1081 948 1123 occupaturos:
998 1073 1050 1111 ita
1094 1075 1184 1124 fuga
1227 1074 1471 1124 navibusque

95 1149 130 1181 15
151 1144 303 1176 nostros
336 1136 610 1186 prohibituros.
671 1137 840 1175 Proinde
869 1137 952 1175 eius
982 1137 1119 1176 consili
1152 1137 1471 1176 obliviscerentur

149 1208 266 1251 atque
287 1200 394 1239 omni
415 1201 562 1239 ratione
583 1215 667 1239 esse
688 1201 925 1240 vincendum
948 1201 1172 1252 cogitarent.

205 1266 294 1303 Hac
314 1264 488 1303 oratione
512 1266 617 1315 apud
644 1278 734 1304 suos
764 1265 898 1303 habita
924 1273 1041 1315 atque
1068 1266 1246 1304 omnium
1276 1266 1472 1305 mentibus
1495 1271 1522 1308 9

150 1329 322 1368 excitatis
355 1330 423 1368 dat
453 1329 747 1368 centurionibus
787 1330 987 1380 negotium
1022 1338 1064 1368 ut
1098 1330 1255 1381 reliquis
1289 1330 1472 1381 operibus

151 1393 376 1432 intermissis
409 1394 460 1432 ad
494 1393 702 1433 fodiendos
739 1402 879 1444 puteos
917 1394 1093 1433 animum
1132 1396 1335 1433 conferant
1374 1409 1472 1433 neve

93 1471 132 1493 20
151 1472 266 1507 quam
288 1465 437 1508 partem
457 1458 638 1497 nocturni
655 1459 840 1509 temporis
861 1458 1128 1497 intermittant.
1181 1460 1272 1507 Quo
1289 1466 1471 1509 suscepto
1495 1471 1508 1490 -'

150 1522 306 1572 negotio
332 1530 449 1573 atque
475 1522 652 1561 omnium
682 1522 822 1560 animis
851 1524 902 1561 ad
931 1524 1104 1562 laborem
1133 1523 1301 1561 incitatis
1332 1537 1472 1573 magna

149 1600 227 1625 una
255 1594 370 1625 nocte
396 1586 453 1624 vis
482 1600 606 1636 aquae
633 1587 758 1625 dulcis
786 1587 943 1625 inventa
969 1595 1037 1625 est.
1098 1589 1159 1625 Ita
1183 1587 1356 1637 operosis
1384 1589 1471 1625 Ale-

149 1651 424 1689 xandrinorum
460 1650 816 1689 machinationibus
856 1650 1112 1701 maximisque
1145 1651 1350 1689 conatibus
1390 1666 1469 1690 non

149 1714 254 1763 longi
292 1714 477 1764 temporis
523 1716 654 1753 labore
703 1728 908 1753 occursum
948 1723 1015 1753 est.
1095 1717 1154 1753 Eo
1203 1715 1325 1754 biduo
1370 1715 1470 1765 legio
1492 1726 1508 1755 3

92 1794 129 1825 25
150 1790 310 1816 xxxvii.
340 1793 386 1816 ex
415 1779 608 1817 dediticiis
640 1779 889 1829 Pompeianis
924 1779 1111 1817 militibus
1141 1793 1230 1817 cum
1260 1781 1466 1826 frumento,

148 1842 273 1889 armis,
298 1843 392 1889 telis,
416 1843 618 1882 tormentis
646 1843 828 1893 imposita
855 1843 894 1881 in
925 1843 1032 1881 navis
1060 1857 1083 1881 a
1104 1843 1281 1882 Domitio
1302 1844 1468 1883 Calvino

147 1907 197 1944 ad
218 1906 328 1945 litora
348 1907 502 1946 Africae
522 1910 639 1958 paulo
660 1922 774 1958 supra
794 1910 1079 1947 Alexandream
1102 1910 1231 1947 delata
1251 1915 1318 1946 est.
1379 1910 1469 1947 Hae
1488 1924 1506 1953 4

147 1984 264 2008 naves
300 1973 414 2017 Euro,
453 1972 519 2021 qui
559 1974 701 2011 multos
740 1973 823 2011 dies
862 1973 1108 2012 continenter
1146 1973 1274 2019 flabat,
1312 1980 1467 2022 portum

147 2048 284 2084 capere
322 2036 657 2086 prohibebantur;
705 2038 774 2075 sed
812 2038 898 2076 loca
937 2045 1026 2075 sunt
1069 2037 1220 2087 egregia
1258 2037 1365 2075 omni
1405 2038 1469 2076 illa

88 2115 128 2146 30
147 2098 303 2148 regione
336 2101 387 2139 ad
426 2102 615 2140 tenendas
653 2114 825 2139 ancoras.
887 2101 942 2139 Hi
981 2115 1071 2139 cum
1106 2102 1173 2140 diu
1213 2101 1469 2140 retinerentur

146 2170 263 2213 atque
282 2178 407 2214 aquae
428 2165 560 2215 inopia
586 2173 862 2215 premerentur,
886 2165 1040 2215 navigio
1064 2166 1236 2205 actuario
1258 2167 1466 2206 Caesarem

146 2227 292 2266 faciunt
312 2228 525 2268 certiorem.

192 2341 203 2360 1
230 2331 404 2369 prohiberi
427 2332 506 2362 A25:
547 2332 728 2371 prohibere
753 2332 790 2362 X
921 2343 940 2371 3
965 2344 983 2363 a
1005 2333 1124 2364 dextra
1152 2333 1249 2363 Ελδ;
1287 2334 1406 2365 dextra
1432 2333 1468 2363 X

146 2373 166 2403 8
189 2374 357 2405 sustinere
375 2375 430 2405 D:
455 2375 609 2406 sustineri
627 2378 650 2410 β
786 2386 825 2414 27
851 2386 952 2415 supra
969 2387 1034 2407 om.
1060 2376 1102 2407 T:
1129 2376 1215 2407 ultra
1232 2377 1349 2407 Dz‘nter
