1705 2729
112 834 148 856 10

108 1483 145 1504 20

471 129 544 165 DE
576 127 756 165 BELLO
787 128 962 164 CIVILI
996 128 1095 164 LIB.
1131 129 1194 164 III

174 241 316 279 Caesar
344 245 553 289 praecepto
579 237 716 275 itinere
744 238 795 275 ad
827 237 1083 286 Dyrrachium
1113 239 1229 276 finem
1257 241 1490 290 properandi
1513 251 1528 280 5

172 303 261 341 facit
291 310 492 352 castraque
521 303 572 340 ad
599 303 745 340 flumen
775 304 927 351 Apsum
958 302 1068 352 ponit
1099 303 1138 341 in
1169 304 1311 342 finibus
1332 307 1491 354 Apollo-

171 367 344 413 niatium,
366 370 432 406 †ut
459 365 625 404 castellis
646 365 862 415 vigiliisque
887 366 987 403 bene
1015 366 1173 404 meritae
1197 367 1361 405 civitatis
1387 376 1491 407 tutae

171 439 299 470 essent
338 430 569 481 praesidio†‚
612 430 745 480 ibique
784 429 1018 479 reliquarum
1057 444 1103 469 ex
1143 431 1255 469 Italia
1293 432 1489 481 legionum

169 498 382 534 adventum
416 502 639 545 exspectare
673 502 711 533 et
750 494 824 532 sub
862 494 1028 544 pellibus
1066 495 1238 533 hiemare
1276 497 1487 534 constituit.

171 562 263 598 Hoc
292 559 397 598 idem
433 558 644 609 Pompeius
676 557 767 596 fecit
796 565 834 596 et
863 565 967 596 trans
997 559 1143 597 flumen
1172 561 1324 610 Apsum
1355 560 1490 610 positis
1512 571 1530 601 6

169 624 300 662 castris
323 638 369 662 eo
390 623 522 673 copias
543 623 671 661 omnis
691 623 911 672 auxiliaque
931 623 1128 662 conduxit.

222 690 392 727 Calenus
419 687 638 738 legionibus
659 687 936 737 equitibusque
958 688 1141 727 Brundisi
1165 689 1205 727 in
1235 690 1343 729 navis
1369 690 1492 740 impo-
1513 704 1555 740 14

168 753 260 800 sitis,
301 761 343 791 ut
388 760 469 791 erat
513 760 766 802 praeceptum
813 766 836 791 a
875 754 1053 800 Caesare,
1095 762 1285 803 quantum
1332 756 1490 794 navium

168 819 390 855 facultatem
426 817 607 863 habebat,
647 817 755 855 navis
790 816 903 856 solvit
935 819 1176 868 paulumque
1207 833 1229 857 a
1261 828 1375 869 portu
1407 833 1491 870 pro-

166 895 318 931 gressus
345 882 490 920 litteras
517 895 539 919 a
564 883 732 920 Caesare
755 882 917 931 accepit,
950 882 1092 932 quibus
1120 891 1176 921 est
1198 884 1337 922 certior
1365 886 1490 923 factus

167 954 299 994 portus
320 945 510 995 litoraque
525 945 660 984 omnia
680 945 869 984 classibus
890 946 1197 985 adversariorum
1214 948 1344 986 teneri.
1397 950 1489 997 Quo
1514 968 1527 988 2

166 1010 323 1059 cognito
344 1023 384 1048 se
406 1010 445 1048 in
466 1018 622 1060 portum
643 1010 779 1061 recipit
806 1010 993 1060 navisque
1014 1011 1141 1049 omnis
1172 1020 1336 1051 revocat.
1398 1016 1490 1053 Una

166 1087 212 1111 ex
233 1073 303 1121 his,
326 1087 427 1124 quae
456 1075 715 1125 perseveravit
740 1089 868 1125 neque
896 1075 1059 1125 imperio
1088 1077 1225 1115 Caleni
1247 1078 1489 1128 obtempera-

166 1138 229 1185 vit,
254 1140 360 1188 quod
382 1146 462 1177 erat
486 1139 569 1178 sine
597 1140 784 1178 militibus
813 1140 1041 1190 privatoque
1062 1141 1225 1180 consilio
1249 1142 1490 1181 administra-

166 1204 286 1251 batur,
310 1205 439 1243 delata
460 1204 621 1243 Oricum
642 1212 760 1254 atque
783 1218 806 1243 a
828 1205 971 1243 Bibulo
992 1213 1211 1255 expugnata
1231 1214 1288 1245 est
1306 1221 1316 1253 ,-
1345 1207 1410 1256 qui
1439 1209 1489 1246 de
1512 1220 1528 1249 3,

165 1269 281 1307 servis
302 1269 511 1319 liberisque
531 1269 717 1307 omnibus
737 1271 787 1308 ad
810 1269 1033 1319 impuberes
1055 1271 1290 1321 supplicium
1312 1272 1429 1310 sumit
1451 1280 1488 1310 et

163 1335 214 1372 ad
236 1347 356 1372 unum
378 1334 568 1373 interficit.
633 1336 694 1373 Ita
713 1334 752 1372 in
774 1334 913 1385 exiguo
944 1342 1119 1386 tempore
1149 1349 1371 1387 magnoque
1397 1350 1488 1376 casu

164 1399 281 1437 totius
302 1399 490 1438 exercitus
511 1401 613 1438 salus
635 1399 817 1438 constitit.

219 1463 393 1511 Bibulus,
429 1472 471 1502 ut
498 1478 613 1514 supra
638 1466 950 1503 demonstratum
975 1472 1042 1512 est,
1067 1473 1147 1504 erat
1174 1479 1264 1504 cum
1294 1468 1416 1505 classe
1437 1469 1486 1506 ad
1510 1477 1551 1515 15

165 1528 325 1567 Oricum
360 1537 409 1577 et,
441 1530 554 1568 sicuti
584 1530 679 1568 mari
710 1530 967 1580 portibusque
997 1531 1205 1569 Caesarem
1238 1532 1484 1581 prohibebat,

163 1594 215 1632 ita
231 1595 313 1644 ipse
329 1595 437 1633 omni
457 1604 555 1634 terra
571 1609 703 1634 earum
720 1594 922 1645 regionum
939 1595 1228 1644 prohibebatur.
1281 1596 1486 1634 Praesidiis
1511 1611 1524 1631 2

164 1658 267 1696 enim
298 1659 496 1709 dispositis
528 1659 661 1697 omnia
694 1659 804 1697 litora
833 1672 855 1696 a
885 1660 1053 1697 Caesare
1080 1660 1325 1706 tenebantur,
1358 1674 1487 1709 neque

163 1723 335 1772 lignandi
366 1732 484 1774 atque
518 1724 690 1773 aquandi
730 1737 858 1774 neque
898 1723 1005 1761 navis
1043 1725 1093 1762 ad
1126 1731 1264 1762 terram
1302 1724 1487 1774 religandi

107 1805 119 1825 2
164 1794 334 1836 potestas
357 1789 483 1827 fiebat.
546 1791 638 1827 Erat
665 1802 724 1827 res
752 1788 791 1826 in
819 1801 959 1837 magna
990 1787 1217 1826 difficultate
1246 1788 1488 1838 summisque
1509 1801 1525 1830 3

162 1852 348 1901 angustiis
379 1867 505 1891 rerum
536 1854 839 1892 necessariarum
872 1853 1147 1903 premebantur
1177 1854 1277 1891 adeo
1308 1860 1347 1891 ut
1378 1866 1487 1902 coge-

162 1924 292 1954 rentur
321 1917 432 1956 sicuti
463 1919 655 1968 reliquum
686 1926 951 1956 commeatum
983 1917 1035 1955 ita
1065 1918 1167 1967 ligna
1197 1925 1314 1967 atque
1343 1930 1485 1967 aquam

162 1982 330 2031 Corcyra
375 1983 537 2022 navibus
586 1983 770 2022 onerariis
813 1990 1052 2033 supportare,
1094 1990 1212 2032 atque
1250 1982 1366 2020 etiam
1408 1995 1523 2023 uno4

161 2054 335 2096 tempore
350 2048 491 2086 accidit
508 2056 549 2086 ut
565 2048 847 2087 difficilioribus
865 2047 923 2086 usi
939 2047 1237 2097 tempestatibus
1254 2060 1299 2085 ex
1320 2046 1486 2096 pellibus

209 2161 220 2181 1
249 2157 428 2192 praecepto
449 2153 632 2183 Cz'accom'ns
647 2165 653 2184 :
678 2155 699 2194 f)
717 2154 754 2192 (p
771 2152 820 2185 E:
842 2163 867 2192 p
886 2152 929 2193 L)
948 2152 1035 2182 secto
1053 2156 1218 2191 occupato
1235 2150 1271 2180 X
1380 2161 1399 2181 2
1416 2151 1483 2190 Ap—

162 2204 234 2224 sum
252 2197 346 2234 ponit
363 2196 493 2228 Aldus:
520 2201 615 2236 tapssi
633 2197 728 2236 ponit
745 2196 794 2226 E:
821 2196 927 2226 habus
947 2196 1026 2235 (hab
1045 2195 1117 2233 LF)
1135 2195 1293 2234 supponit
1311 2198 1374 2226 cett.
1467 2205 1485 2232 3

162 2237 297 2278 vigiliis]
319 2240 402 2270 vicis
423 2239 530 2277 Ciam,
556 2241 616 2278 qus
632 2240 723 2270 tutae
744 2239 801 2270 del.
828 2243 856 2269 et
878 2243 968 2269 esset
992 2239 1114 2278 scripSit
1188 2239 1338 2268 civitates
1358 2236 1482 2271 Dinia,

162 2282 399 2321 qm'praesidio
417 2282 472 2314 del.
523 2288 615 2313 tutae
635 2282 712 2313 LV:
738 2287 809 2312 tute
829 2282 921 2313 U'T:
946 2286 1001 2311 tue
1017 2281 1052 2312 D
1168 2283 1189 2312 6
1209 2281 1337 2320 Apsum
1351 2280 1482 2311 Aldus:

161 2359 197 2387 th
214 2359 239 2396 (t
255 2357 296 2397 V)
306 2364 386 2397 apsfi
402 2358 527 2390 L‘TE:
545 2326 717 2390 tilbsumD
805 2370 825 2397 9
843 2335 920 2397 gnta
937 2358 969 2388 F
1072 2360 1110 2387 16
1128 2358 1253 2398 delata]
1271 2359 1380 2388 deleta
1391 2357 1488 2387 DFT

165 2401 202 2429 18
229 2401 261 2430 in
278 2400 376 2432 D‘V:
400 2412 466 2433 om.
486 2401 561 2431 L'T
689 2412 729 2432 20
754 2412 878 2432 cumr:
905 2402 937 2431 in
956 2401 1003 2433 E:
1029 2412 1093 2432 0171.
1114 2400 1172 2435 Da
