1705 2729
608 154 842 192 INCERTI
875 154 1156 192 AVC'I'ORIS

219 265 286 316 qui
301 266 353 304 ad
373 278 506 303 eorum
528 277 730 303 accessum
753 277 947 302 summam
969 263 1161 303 efficiebat
1181 264 1257 303 loci
1279 264 1543 315 iniquitatem:

220 344 311 368 nam
346 330 503 380 palustri
536 337 574 368 et
603 328 835 379 voraginoso
866 331 950 367 solo
979 342 1137 368 currens
1167 338 1247 368 erat
1275 331 1327 368 ad
1355 331 1541 368 dextram.

185 404 201 433 3
221 396 361 444 Itaque
393 395 537 433 Caesar
571 407 661 431 cum
695 393 821 431 aciem
855 395 1053 432 derectam
1088 393 1257 442 vidisset,
1293 407 1373 432 non
1408 394 1545 433 habuit

219 458 385 497 dubium
421 458 515 508 quin
552 457 682 496 media
720 458 880 507 planitie
902 458 941 495 in
973 471 1144 508 aequum
1183 460 1234 497 ad
1273 458 1544 497 dimicandum

219 522 427 562 adversarii
460 522 728 572 procederent.
789 524 882 560 Hoc
917 530 997 560 erat
1032 522 1071 560 in
1103 523 1281 561 omnium
1316 531 1542 573 conspectu.

182 601 201 630 4
222 589 316 625 Huc
346 587 561 625 accedebat
594 594 636 625 ut
670 588 779 625 locus
812 587 876 625 illa
910 589 1071 638 planitie
1110 587 1353 637 †equitatum
1392 596 1546 626 ornaret

220 660 258 691 et
293 652 371 691 diei
403 652 575 701 solisque
610 651 894 700 serenitatenffr,
933 661 974 691 ut
1015 653 1221 691 mirificum
1256 660 1293 690 et
1327 654 1545 702 optandum

220 725 375 767 tempus
397 730 518 767 prope
546 717 597 754 ab
626 716 686 755 dis
714 716 1000 757 immortalibus
1026 718 1122 756 illud
1153 718 1342 756 tributum
1369 725 1471 756 esset
1496 718 1547 756 ad

183 800 200 831 5
221 782 412 832 proelium
442 781 782 820 committendum.
844 783 978 822 Nostri
1013 783 1155 830 laetari,
1188 796 1269 820 non
1299 782 1395 820 nulli
1429 782 1546 821 etiam

221 847 367 894 timere,
419 847 527 897 quod
575 846 614 884 in
656 860 746 884 eum
791 848 922 885 locum
966 862 1025 887 res
1066 850 1325 897 fortunaeque
1367 847 1545 886 omnium

221 914 510 951 deducerentur
537 919 588 959 ut,
622 911 815 961 quidquid
845 920 933 962 post
963 915 1099 952 horam
1130 926 1242 951 casus
1271 913 1480 960 tribuisset,
1506 913 1546 951 in

184 989 202 1020 6
222 977 345 1016 dubio
366 984 585 1027 poneretur.
647 978 786 1026 Itaque
807 978 929 1015 nostri
949 980 999 1017 ad
1021 978 1291 1017 dimicandum
1314 979 1543 1027 procedunt,

222 1042 261 1081 id
282 1043 391 1092 quod
411 1041 651 1080 adversarios
668 1041 986 1081 existimabamus
1003 1056 1087 1082 esse
1109 1045 1278 1081 facturos
1296 1058 1305 1090 ;
1333 1043 1400 1093 qui
1415 1051 1545 1081 tamen

221 1121 244 1145 a
276 1106 494 1145 munitione
529 1105 664 1155 oppidi
698 1105 852 1155 longius
884 1120 964 1145 non
994 1108 1194 1146 audebant
1227 1108 1449 1156 procedere,
1481 1107 1545 1147 †in

221 1184 301 1222 quo
328 1171 401 1210 sibi
430 1184 551 1221 prope
578 1183 732 1208 murum
759 1172 1013 1211 adversariisl‘
1043 1171 1345 1211 constituebant.
1406 1174 1545 1222 Itaque

186 1236 343 1286 7nostri
390 1236 619 1285 procedunt.
707 1236 911 1274 Interdum
959 1237 1134 1286 aequitas
1182 1236 1257 1275 loci
1304 1237 1546 1276 adversarios

222 1300 457 1350 efflagitabat
489 1306 530 1337 ut
560 1298 626 1337 tali
657 1299 894 1338 condicione
925 1302 1211 1339 contenderent
1240 1301 1291 1338 ad
1320 1301 1546 1346 victoriam;

221 1378 351 1415 neque
385 1372 517 1403 tamen
552 1363 605 1401 illi
639 1377 662 1401 a
692 1377 761 1402 sua
791 1365 1079 1404 consuetudine
1109 1365 1379 1412 discedebant,
1410 1373 1452 1404 ut
1480 1373 1546 1404 aut

184 1441 202 1470 8
220 1430 271 1469 ab
301 1430 455 1468 excelso
485 1430 574 1467 loco
603 1435 669 1466 aut
699 1429 749 1466 ab
783 1429 932 1478 oppido
962 1429 1220 1468 discederent.
1281 1429 1415 1468 Nostri
1444 1432 1547 1481 pede

221 1508 355 1545 presso
398 1493 558 1544 propius
601 1493 724 1531 rivum
767 1507 856 1531 cum
900 1495 1294 1545 appropinquassent,
1339 1495 1546 1534 adversarii

221 1558 454 1610 patrocinari
474 1560 563 1596 loco
583 1557 720 1607 iniquo
741 1571 822 1596 non
842 1558 1037 1597 desinunt.

147 1636 203 1674 30
277 1626 369 1662 Erat
389 1623 492 1662 acies
513 1635 591 1660 xm
621 1622 762 1672 aquilis
789 1623 1013 1671 constituta,
1037 1637 1138 1674 quae
1165 1623 1350 1662 lateribus
1371 1624 1546 1675 equitatu

221 1690 424 1740 tegebatur
444 1701 534 1726 cum
548 1687 622 1725 levi
643 1695 838 1725 armatura
858 1687 1016 1726 milibus
1037 1701 1114 1735 sex,
1132 1696 1331 1738 praeterea
1345 1689 1547 1728 auxiliares

219 1753 463 1791 accedebant
493 1764 615 1801 prope
643 1753 807 1789 alterurn
834 1758 1011 1799 tantum,
1055 1758 1187 1790 nostra
1213 1751 1407 1801 praesidia
1432 1764 1545 1790 Lxxx

184 1816 459 1863 zcohortibus‚
495 1823 586 1854 octo
620 1815 778 1854 milibus
817 1815 1005 1865 equitum.
1067 1818 1127 1854 Ita
1166 1829 1256 1854 cum
1296 1816 1335 1854 in
1375 1824 1545 1856 extrema
1593 1830 1604 1836 ·

220 1882 380 1933 planitie
401 1881 579 1931 iniquum
602 1880 641 1918 in
664 1882 795 1919 locum
826 1881 947 1919 nostri
974 1881 1366 1931 appropinquassent,
1390 1890 1546 1931 paratus

268 1995 279 2014 1
307 1995 421 2015 eorum
440 1983 495 2015 X:
519 1984 576 2015 del.
596 1985 787 2025 Hoffmann
805 1996 812 2016 z
836 1990 1035 2024 aquatorum
1053 1983 1242 2014 Mommsen
1350 1994 1370 2014 2
1393 1985 1547 2016 dextram

227 2030 338 2059 Tleste
361 2028 522 2066 Duchneaeg
547 2028 642 2059 edd.:
676 2029 832 2059 dextrum
861 2029 1018 2068 <dextera
1049 2027 1077 2057 T
1097 2031 1168 2057 teste
1192 2027 1342 2067 Kuebler)
1361 2026 1399 2057 X
1529 2039 1548 2067 3

223 2073 339 2111 Itaque
363 2071 562 2111 Nipperdqy:
598 2072 636 2102 Id
660 2073 751 2111 quod
776 2070 813 2100 X
986 2072 1156 2102 derectam
1179 2070 1282 2102 DU‘:
1315 2071 1474 2102 directam
1503 2071 1549 2102 T:

222 2117 387 2146 directum
408 2115 439 2143 V
553 2117 574 2145 6
600 2116 676 2146 Huc
695 2115 762 2146 cdd.
780 2128 786 2146 z
812 2115 886 2146 Hoc
903 2115 937 2145 Χ
1100 2114 1282 2145 accedebat
1304 2114 1350 2145 T:
1375 2115 1548 2146 accidebat

222 2162 285 2190 cell.
464 2164 600 2189 ornaret
625 2157 681 2190 X:
721 2164 878 2190 evocaret
902 2159 1033 2189 Krancr
1167 2169 1183 2196 7
1210 2158 1398 2188 serenitate
1420 2158 1554 2188 Kraner

222 2213 276 2232 sec.
294 2202 474 2242 Nifipft‘ck2x*
652 2202 741 2233 illam
759 2203 911 2242 planitiei
934 2203 1136 2241 aequitatem
1153 2206 1290 2231 ornaret
1313 2202 1378 2231 diei
1400 2201 1549 2241 solisque

223 2246 408 2276 serenitate
427 2245 566 2286 Madvig
701 2256 738 2285 14
762 2247 862 2276 immo
879 2256 915 2276 se
933 2246 975 2275 ibi
993 2246 1180 2275 Mommsen
1306 2254 1344 2284 15
1368 2245 1548 2275 adversarii

223 2289 422 2328 llffommscn,
443 2289 474 2318 F
474 2289 602 2320 leisclzer
793 2293 867 2330 post
883 2299 1011 2319 murum
1030 2288 1105 2319 add.
1126 2289 1328 2328 praesidium
1352 2290 1394 2319 ab
1413 2288 1553 2319 Kuebler

228 2333 265 2361 16
288 2332 442 2370 aequitas
459 2334 480 2366 β
498 2344 503 2362 :
537 2333 668 2370 equites
686 2332 720 2362 D
866 2343 904 2371 19
928 2332 1140 2362 discederent
1156 2330 1212 2362 X:
1245 2343 1283 2362 cx
1304 2332 1548 2362 descenderent

224 2386 299 2405 corr.
321 2375 354 2404 D
487 2384 527 2413 25
553 2380 629 2404 octo
653 2374 699 2404 V:
724 2384 786 2404 vm
808 2375 869 2405 U':
894 2373 971 2405 vim
990 2374 1045 2405 D:
1070 2385 1147 2405 x'1111
1171 2375 1199 2405 T

1564 539 1582 570 5

1567 861 1606 883 10

1567 1187 1604 1219 15

1569 1507 1607 1529 20
