1705 2729
452 131 526 168 DE
557 131 738 169 BELLO
768 131 944 170 CIVILI
976 131 1079 168 LIB.
1114 132 1130 167 I

130 241 320 280 rationem
341 239 575 290 posteritatis
596 248 634 279 et
654 240 814 290 periculi
841 240 910 278 sui.
970 242 1151 289 Quorum
1172 239 1347 278 oratione
1368 252 1449 288 per·
1471 256 1485 277 2

131 313 260 344 motus
276 307 401 343 Varus
422 305 657 355 praesidium
678 307 786 355 quod
803 305 1066 343 introduxerat
1087 318 1133 342 ex
1153 304 1301 354 oppido
1318 303 1450 342 educit

129 384 175 409 ac
205 369 383 420 profugit.
444 371 566 407 Hunc
597 383 643 408 ex
674 369 801 419 primo
832 369 969 408 ordine
1002 368 1117 419 pauci
1152 367 1328 408 Caesaris
1360 381 1449 405 con-
1471 379 1488 409 3

131 433 253 472 secuti
300 433 441 472 milites
488 432 700 471 consistere
739 441 959 483 coegerunt.
1037 432 1262 473 Commisso
1301 431 1450 482 proelio
1470 448 1489 475 4

93 514 111 544 5
131 497 319 536 deseritur
345 511 368 535 a
394 496 472 535 suis
493 499 629 543 Varus,
653 511 733 535 non
761 499 867 535 nulla
888 510 975 547 pars
996 497 1163 535 militum
1185 498 1349 535 domum
1377 495 1451 534 dis-

131 561 234 600 cedit
249 576 259 609 3
288 561 425 611 reliqui
450 562 502 599 ad
530 563 738 600 Caesarem
766 561 1006 610 perveniunt,
1029 568 1148 611 atque
1175 574 1253 599 una
1279 573 1370 598 cum
1397 559 1451 597 eis

131 627 346 675 deprensus
376 627 419 662 L.
444 625 600 674 Pupius,
642 625 756 674 primi
799 625 865 675 pili
910 625 1097 671 centurio,
1138 623 1347 663 adducitur
1385 623 1451 673 qui

131 691 236 728 hunc
259 690 430 727 eundem
458 689 637 727 ordinem
674 689 713 727 in
748 689 917 728 exercitu
946 691 1018 729 Cn.
1051 689 1216 739 Pompei
1239 696 1356 727 antea
1384 689 1453 726 du-

131 761 245 792 xerat.
306 755 449 793 Caesar
474 753 614 792 milites
636 753 817 792 Attianos
838 755 1045 800 collaudat,
1079 753 1248 803 Pupium
1278 752 1449 798 dimittit,
1474 767 1489 796 5

77 835 114 855 10
132 817 406 856 Auximatibus
433 818 511 868 agit
539 817 679 868 gratias
706 831 826 868 seque
853 831 989 857 eorum
1016 817 1108 856 facti
1135 830 1350 856 memorem
1371 817 1452 854 fore

131 881 344 932 pollicetur.

186 946 341 995 Quibus
379 948 495 986 rebus
531 949 701 986 Romam
741 947 927 986 nuntiatis
967 955 1095 986 tantus
1134 954 1294 997 repente
1332 953 1452 985 terror
1472 959 1515 996 14

131 1010 270 1049 invasit
299 1018 352 1057 ut,
381 1025 471 1049 cum
505 1013 694 1050 Lentulus
727 1014 863 1050 consul
894 1013 944 1050 ad
976 1011 1231 1061 aperiendum
1262 1011 1452 1050 aerarium

131 1074 300 1113 venisset
319 1075 370 1113 ad
391 1075 679 1125 pecuniamque
706 1075 896 1125 Pompeio
921 1089 967 1114 ex
987 1083 1144 1114 senatus
1169 1077 1349 1114 consulto
1370 1088 1454 1125 pro-

78 1157 112 1187 15
132 1140 344 1186 ferendam,
368 1139 544 1189 protinus
572 1147 707 1190 aperto
737 1139 929 1178 sanctiore
955 1139 1102 1178 aerario
1129 1153 1176 1178 ex
1202 1139 1298 1177 urbe
1327 1140 1455 1189 profu-

131 1211 246 1254 geret.
308 1205 453 1243 Caesar
483 1204 587 1242 enim
614 1206 825 1242 adventare
855 1204 931 1242 iam
959 1204 1115 1254 iamque
1143 1211 1180 1242 et
1207 1205 1345 1242 adesse
1372 1202 1454 1241 eius

132 1267 282 1317 equites
321 1269 419 1306 falso
458 1268 746 1306 nuntiabantur.
820 1271 941 1306 Hunc
982 1269 1192 1306 Marcellus
1231 1268 1381 1317 collega
1418 1274 1456 1305 et
1478 1282 1491 1302 2

132 1332 307 1382 plerique
336 1332 580 1382 magistratus
606 1332 807 1371 consecuti
834 1340 934 1371 sunt.
994 1334 1066 1372 Cn.
1091 1331 1304 1381 Pompeius
1331 1331 1455 1381 pridie
1476 1348 1494 1377 3

133 1396 215 1434 eius
243 1396 321 1435 diei
351 1410 397 1435 ex
420 1397 517 1435 urbe
544 1398 741 1446 profectus
771 1397 841 1436 iter
864 1398 914 1435 ad
942 1396 1114 1446 legiones
1144 1396 1327 1442 habebat,
1359 1409 1455 1445 quas

77 1480 116 1502 20
133 1474 156 1498 a
176 1462 344 1501 Caesare
363 1469 544 1512 acceptas
565 1461 605 1499 in
627 1462 770 1512 Apulia
791 1462 1044 1500 hibernorum
1065 1474 1183 1499 causa
1198 1460 1452 1510 disposuerat.

135 1525 311 1565 Dilectus
343 1527 444 1565 circa
477 1528 615 1565 urbem
648 1525 979 1573 intermittuntur3
1021 1524 1117 1563 nihil
1152 1524 1246 1562 citra
1277 1525 1454 1574 Capuam
1474 1536 1495 1567 4

133 1597 260 1629 tutum
288 1605 372 1629 esse
399 1589 619 1643 [omnibus]
642 1590 804 1629 videtur.
876 1591 1036 1640 Capuae
1060 1589 1228 1639 primum
1255 1601 1340 1627 sese
1367 1601 1458 1627 con-

133 1656 288 1694 firmant
311 1663 349 1694 et
376 1656 563 1705 colligunt
592 1655 860 1705 dilectumque
893 1656 1125 1692 colonorum
1155 1653 1222 1703 qui
1246 1654 1329 1702 lege
1358 1652 1458 1690 Iulia

134 1722 312 1770 Capuam
347 1721 508 1759 deducti
541 1728 650 1759 erant
679 1720 823 1758 habere
861 1718 1094 1765 instituunt3
1130 1717 1454 1767 gladiatoresque,

78 1802 113 1833 ²5
133 1798 232 1834 quos
254 1785 307 1823 ibi
329 1786 473 1824 Caesar
499 1785 539 1822 in
566 1786 661 1823 ludo
687 1784 869 1830 habebat,
892 1784 942 1821 ad
964 1784 1090 1821 sorum
1118 1783 1332 1832 productos
1360 1783 1458 1820 Len-

133 1850 236 1887 tulus
257 1849 444 1888 libertatis
469 1855 531 1899 spe
555 1850 759 1887 confirmat
785 1856 903 1897 atque
930 1847 989 1885 his
1014 1860 1136 1897 equos
1163 1846 1338 1884 attribuit
1359 1854 1396 1884 et
1417 1859 1457 1884 se

133 1913 243 1963 sequi
277 1914 410 1962 iussit3
454 1928 552 1964 quos
584 1921 720 1964 postea
750 1913 923 1951 monitus
960 1912 1011 1950 ab
1050 1911 1139 1958 suis,
1177 1912 1285 1960 quod
1319 1924 1365 1948 ea
1397 1924 1456 1948 res
1478 1921 1494 1951 5

133 1978 310 2016 omnium
349 1978 495 2017 iudicio
532 1978 902 2028 reprehendebatur,
938 1976 1084 2014 circum
1132 1974 1329 2012 familiaris
1367 1988 1458 2012 con-

132 2050 271 2081 ventus
294 2043 535 2093 Campaniae
556 2042 758 2081 custodiae
779 2054 896 2079 causa
916 2039 1122 2078 distribuit.

75 2127 114 2157 30
186 2108 357 2147 Auximo
385 2110 528 2148 Caesar
554 2120 778 2158 progressus
805 2120 964 2145 omnem
994 2118 1128 2154 agrurn
1158 2104 1347 2142 Picenum
1375 2117 1457 2153 per·
1477 2112 1518 2150 15

178 2221 195 2250 7
221 2211 255 2242 L.
276 2211 400 2250 Pupius
418 2209 484 2241 D':
507 2212 547 2240 ᾗ
564 2209 688 2249 Pupius
706 2211 727 2243 β
847 2219 867 2247 9
892 2207 938 2238 At
951 2211 1025 2247 post
1041 2207 1185 2237 duxerat
1205 2205 1258 2236 X:
1285 2205 1457 2244 del.Jur1'n

134 2265 171 2285 21
199 2255 287 2285 circa
303 2254 500 2294 Nipperdey:
527 2257 643 2283 contra
660 2251 850 2283 D‘U‘TW:
876 2250 903 2283 Ε
926 2251 965 2281 V¹
983 2263 989 2281 :
1016 2250 1108 2281 Intra
1126 2250 1137 2280 l
1237 2259 1278 2279 22
1303 2250 1457 2279 omnibus

133 2308 197 2328 om.
216 2297 260 2328 D'
348 2308 424 2328 sese
443 2308 475 2328 r:
502 2307 578 2327 esse
594 2295 631 2326 X
738 2297 781 2325 26
803 2305 864 2334 spe
881 2294 956 2324 add.
973 2294 1107 2333 Herzog
1212 2293 1254 2323 28
1278 2292 1457 2323 familiares

134 2340 186 2370 X:
227 2341 368 2371 familias
392 2340 526 2370 Rubens
743 2348 785 2377 30
816 2338 964 2369 Auximo
997 2338 1123 2368 Caesar
1158 2346 1360 2375 progressus
1392 2334 1455 2365 D':

135 2383 282 2414 Maximo
299 2385 426 2414 Caesar
442 2392 626 2422 progressu
642 2384 664 2417 Β
