1705 2729
442 131 516 168 DE
548 131 727 168 BELLO
758 130 935 169 CIVILI
967 131 1069 168 LIB.
1104 131 1121 167 I

175 239 330 288 Quibus
359 239 475 277 rebus
501 238 666 288 cognitis
691 240 846 286 Caesar,
869 238 940 277 etsi
970 238 1100 288 magni
1130 238 1315 277 interesse
1344 240 1441 278 arbi·
1461 247 1503 273 21

120 303 291 342 trabatur
319 316 438 352 quam
468 303 636 353 primum
664 302 813 352 oppido
839 302 954 352 potiri
984 302 1236 352 cohortisque
1259 304 1309 341 ad
1334 316 1374 341 se
1400 303 1440 341 in

120 374 244 406 castra
269 368 482 414 traducere,
505 380 555 405 ne
575 380 653 416 qua
677 374 744 405 aut
770 366 1040 417 largitionibus
1066 374 1133 405 aut
1159 367 1278 405 animi
1306 369 1442 406 confir—

119 431 291 470 matione
310 439 377 470 aut
397 431 500 469 falsis
521 431 666 470 nuntiis
687 431 944 470 commutatio
965 433 1074 470 fieret
1093 431 1315 479 voluntatis,
1333 433 1441 481 quod
1464 444 1478 465 2

81 511 98 542 5
119 509 235 545 saepe
262 498 300 534 in
324 496 429 534 bello
452 495 578 545 parvis
606 495 816 534 momentis
844 495 974 546 magni
1002 509 1114 534 casus
1142 496 1439 543 intercederent,

118 568 250 599 tamen
273 560 415 598 veritus
445 574 495 598 ne
524 560 690 598 militum
720 560 880 598 introitu
910 568 948 598 et
977 560 1159 599 nocturni
1189 561 1374 610 temporis
1402 561 1442 598 li-

118 625 245 664 centia
265 624 455 674 oppidum
477 624 714 674 diriperetur,
734 638 801 663 eos
818 625 884 674 qui
901 632 1086 663 venerant
1107 626 1304 663 collaudat
1324 632 1441 675 atque

118 690 157 727 in
178 690 368 739 oppidum
389 689 559 736 dimittit,
582 696 713 738 portas
735 702 946 738 murosque
966 690 1151 728 asservari
1172 689 1290 728 iubet.
1351 692 1442 739 Ipse
1463 700 1479 729 3

119 754 158 792 in
179 753 233 792 eis
254 753 437 803 operibus
464 767 565 803 quae
589 755 715 792 facere
741 754 959 792 instituerat
985 754 1126 792 milites
1154 754 1338 803 disponit,
1361 768 1441 792 non

63 832 101 853 10
119 818 231 857 certis
252 818 384 867 spatiis
405 818 644 864 intermissis,
668 826 708 856 ut
730 826 809 856 erat
837 818 1080 867 superiorum
1105 818 1256 857 dierum
1281 832 1442 857 consue-

118 884 226 930 tudo,
245 884 313 921 sed
334 882 530 932 perpetuis
544 882 682 933 vigiliis
699 882 1023 932 stationibusque,
1039 890 1081 921 ut
1097 883 1327 932 contingant
1343 883 1442 921 inter

118 961 159 986 se
178 954 296 997 atque
316 961 475 986 omnem
498 947 757 986 munitionem
782 949 989 997 expleant,-
1018 947 1194 986 tribunos
1216 947 1382 986 militum
1404 956 1441 986 et
1460 958 1479 987 4

118 1013 333 1062 praefectos
360 1012 629 1050 circummittit
659 1020 777 1062 atque
805 1014 980 1051 hortatur
1006 1026 1086 1051 non
1121 1014 1248 1051 solum
1279 1013 1329 1050 ab
1361 1026 1442 1051 eru-

117 1076 318 1127 ptionibus
339 1084 502 1115 caveant
523 1078 592 1115 sed
617 1076 734 1115 etiam
764 1077 1005 1126 singulorum
1036 1077 1243 1115 hominum
1265 1079 1441 1115 occultos

62 1153 98 1185 15
118 1141 241 1180 exitus
272 1149 478 1180 asservent.
550 1143 690 1190 Neque
724 1155 815 1179 vero
850 1149 928 1179 tam
969 1141 1133 1179 remisso
1171 1155 1216 1180 ac
1255 1141 1441 1191 languido
1462 1158 1477 1188 5

117 1205 250 1243 animo
281 1205 487 1255 quisquam
519 1205 697 1243 omnium
729 1205 800 1243 fuit
835 1205 901 1254 qui
936 1218 981 1243 ea
1013 1213 1129 1243 nocte
1160 1205 1437 1254 conquieverit.

117 1271 246 1308 Tanta
283 1277 363 1307 erat
401 1282 577 1308 summae
611 1264 738 1307 rerum
778 1269 1018 1318 exspectatio
1053 1276 1094 1307 ut
1128 1269 1226 1307 alius
1256 1268 1295 1306 in
1324 1269 1439 1307 aliam
1460 1281 1478 1309 6

117 1341 266 1383 partem
287 1342 419 1372 mente
442 1342 560 1383 atque
586 1333 719 1372 animo
740 1335 965 1380 traheretur,
988 1333 1083 1383 quid
1111 1333 1204 1383 ipsis
1226 1333 1441 1372 Corfinien-

118 1398 236 1446 sibus,
258 1399 354 1448 quid
383 1398 570 1445 Domitio,
594 1398 690 1448 quid
720 1400 901 1444 Lentulo,
925 1398 1019 1448 quid
1048 1397 1205 1448 reliquis
1233 1397 1438 1444 accideret,

60 1475 99 1497 20
118 1463 184 1513 qui
206 1476 383 1513 quosque
404 1471 566 1501 eventus
587 1462 818 1512 exciperent.

171 1528 320 1575 Quarta
350 1526 478 1577 vigilia
511 1526 661 1565 circiter
691 1528 881 1565 Lentulus
911 1526 1094 1576 Spinther
1125 1527 1175 1565 de
1206 1539 1317 1564 muro
1348 1539 1437 1564 cum
1457 1535 1506 1562 22

116 1591 253 1641 vigiliis
282 1590 592 1641 custodibusque
622 1591 762 1629 nostris
792 1590 1050 1640 colloquitur:
1085 1592 1194 1637 velle,
1217 1590 1248 1628 si
1273 1590 1345 1628 sibi
1373 1591 1439 1628 fiat

116 1662 299 1705 potestas,
326 1656 534 1693 Caesarem
565 1655 783 1693 convenire.
846 1657 964 1692 Facta
993 1661 1186 1703 potestate
1215 1667 1262 1692 ex
1291 1653 1440 1703 oppido
1462 1670 1476 1690 2

117 1718 290 1765 mittitur,
325 1732 453 1768 neque
487 1720 537 1757 ab
572 1733 619 1757 eo
653 1719 758 1768 prius
795 1718 1011 1757 Domitiani
1051 1718 1191 1756 milites
1230 1718 1439 1756 discedunt

59 1797 96 1827 25
117 1796 236 1833 quam
275 1783 313 1821 in
352 1791 608 1833 conspectum
649 1783 825 1822 Caesaris
864 1784 1091 1821 deducatur.
1163 1783 1265 1821 Cum
1304 1795 1351 1820 eo
1390 1783 1439 1820 de
1461 1794 1477 1824 3

116 1849 239 1886 salute
271 1861 339 1886 sua
370 1855 453 1886 orat
483 1855 601 1897 atque
635 1848 813 1886 obsecrat
845 1854 887 1885 ut
921 1846 993 1885 sibi
1028 1854 1159 1896 parcat
1190 1853 1440 1895 veteremque

115 1911 326 1950 amicitiam
348 1919 632 1951 commemorat
653 1911 910 1961 Caesarisque
931 1911 970 1949 in
992 1924 1032 1949 se
1054 1910 1246 1949 beneficia
1266 1910 1437 1959 exponit,

116 1989 216 2025 quae
236 1983 344 2014 erant
365 1976 555 2014 maxima:
585 1977 694 2026 quod
714 1989 782 2026 per
802 1989 892 2014 eum
914 1975 952 2013 in
975 1975 1182 2025 collegium
1204 1975 1436 2024 pontificum
1458 1988 1476 2016 4

116 2048 283 2087 venerat,
305 2042 413 2090 quod
437 2040 677 2090 provinciam
700 2040 935 2091 Hispaniam
963 2054 1009 2078 ex
1033 2047 1212 2089 praetura
1235 2040 1434 2085 habuerat,

59 2117 97 2147 30
116 2105 224 2154 quod
244 2104 283 2142 in
304 2104 492 2154 petitione
512 2106 737 2143 consulatus
758 2112 838 2143 erat
862 2105 1096 2143 sublevatus.
1157 2103 1280 2143 Cuius
1301 2104 1437 2141 oratio-
1459 2111 1474 2141 5

117 2182 208 2206 nem
229 2169 373 2208 Caesar
393 2168 636 2218 interpellat:
666 2182 707 2208 se
729 2182 807 2208 non
833 2168 999 2207 malefici
1027 2181 1144 2206 causa
1170 2182 1217 2206 ex
1240 2168 1439 2217 provincia

162 2281 183 2310 9
208 2271 241 2301 in
262 2270 324 2302 cod.
350 2271 486 2302 Hamz.:
519 2282 583 2302 om.
610 2270 647 2300 X
779 2280 816 2310 15
841 2275 1017 2302 asservent
1041 2269 1161 2301 D'lT':
1193 2270 1374 2301 observent
1401 2270 1442 2299 [J‘

116 2324 196 2344 vero
212 2314 374 2346 Faernus:
401 2325 442 2344 eo
459 2313 496 2343 X
612 2325 648 2353 17
674 2324 823 2345 summae
842 2313 992 2354 Lipsius:
1019 2323 1146 2344 summa
1162 2312 1199 2342 X
1310 2315 1348 2343 18
1367 2316 1438 2352 post

117 2358 229 2387 animo
246 2357 322 2389 add.
340 2357 482 2396 quisqua
500 2357 543 2388 D'
676 2358 718 2387 26
742 2358 810 2396 agit
822 2361 896 2397 post
912 2367 973 2388 sua
990 2356 1064 2387 add.
1083 2356 1213 2395 Bentley
