1705 2729
595 133 829 173 lNCERTI
862 134 1141 173 AVCTORIS

203 244 254 281 ad
295 257 384 281 eum
427 245 555 282 locum
597 244 776 291 venisset,
807 244 917 282 abusi
960 244 1039 283 sive
1080 245 1191 283 obliti
1232 254 1527 296 praeceptorum

206 307 369 346 Labieni
394 307 473 346 sive
501 307 609 346 veriti
637 321 686 346 nc
716 307 755 345 in
785 310 889 347 fossa
912 310 961 347 ab
992 309 1190 359 equitibus
1219 310 1531 360 opprimerentur

204 371 274 409 rari
303 385 350 410 ac
379 371 517 420 singuli
557 373 607 410 de
646 386 740 422 rupe
782 373 936 422 prodire
977 381 1014 412 et
1055 387 1209 411 summa
1247 381 1377 424 petere
1406 375 1526 414 collis.

164 450 181 477 4
204 438 316 485 Quos
339 436 514 475 Caesaris
536 436 686 486 equites
701 437 900 475 consecuti
919 438 1057 487 partim
1080 437 1367 486 interfecerunt,
1390 439 1528 489 partim

203 500 378 538 vivorum
408 507 498 538 sunt
528 500 668 550 potiti3
716 501 860 540 deinde
900 502 1077 552 protinus
1108 503 1248 540 collem
1279 511 1410 553 petere
1440 517 1531 542 con-
1549 519 1566 550 5

203 566 412 603 tenderunt
441 573 558 615 atque
588 579 678 603 eum
718 566 886 604 decusso
927 566 1090 605 Labieni
1131 566 1325 616 praesidio
1355 568 1529 606 celeriter

202 637 503 679 occupaverunt.
564 629 762 668 Labienus
792 644 883 668 cum
911 638 1018 681 parte
1045 630 1222 680 equitum
1247 630 1308 668 vix
1338 633 1427 682 fuga
1455 631 1529 671 sibi

203 693 352 743 peperit
372 695 547 732 salutem.

139 771 182 807 51
259 765 348 801 Hac
377 777 416 801 re
446 777 514 813 per
543 764 693 813 equites
720 772 828 814 gesta
849 766 993 803 Caesar
1017 764 1236 814 legionibus
1264 779 1382 816 opera
1406 766 1530 805 distri-

202 828 285 866 buit
319 836 437 878 atque
476 828 514 866 in
554 842 601 867 eo
640 830 740 868 colle
779 842 858 879 quo
898 837 977 868 erat
1012 830 1158 879 potitus
1192 838 1317 869 castra
1351 831 1525 870 munivit.
1553 845 1590 866 ιο

167 906 180 925 2
204 892 360 931 Deinde
398 894 448 931 ab
482 893 560 931 suis
596 893 774 932 maximis
808 894 943 932 castris
978 908 1045 944 per
1081 895 1254 933 medium
1286 908 1472 946 campum
1508 911 1528 935 e

201 957 358 1007 regione
382 958 518 1008 oppidi
541 958 706 1005 Uzittae,
730 960 837 1008 quod
862 958 961 997 inter
982 972 1051 997 sua
1072 967 1196 997 castra
1216 966 1253 998 et
1275 959 1468 1010 Scipionis
1489 960 1528 999 in

201 1021 361 1071 planitie
381 1021 553 1071 positum
575 1031 654 1060 erat
676 1023 960 1072 tenebaturque
981 1036 1004 1060 a
1024 1023 1219 1072 Scipione,
1242 1024 1323 1062 duo
1348 1023 1529 1062 bracchia

200 1086 365 1125 instituit
390 1089 532 1126 ducere
554 1095 591 1125 et
612 1087 664 1125 ita
685 1087 847 1137 dirigere
875 1095 916 1126 ut
944 1089 995 1126 ad
1018 1090 1204 1137 angulum
1231 1089 1410 1127 dextrum
1441 1089 1528 1128 sini-

165 1163 180 1193 3
201 1159 402 1202 strumque
441 1152 523 1190 eius
558 1152 693 1202 oppidi
728 1152 992 1191 convenirent.
1055 1154 1102 1191 Id
1137 1154 1210 1191 hac
1246 1153 1394 1192 ratione
1428 1167 1527 1204 opus
1549 1170 1586 1203 15

200 1215 415 1254 instruebat
440 1224 490 1263 ut,
515 1230 605 1254 cum
632 1216 791 1266 propius
816 1216 1007 1267 oppidum
1034 1217 1167 1267 copias
1194 1218 1434 1256 admovisset
1463 1233 1528 1269 op-

201 1294 453 1330 pugnareque
473 1280 677 1331 coepisset,
694 1288 796 1319 tecta
817 1283 935 1319 latera
955 1281 1033 1319 suis
1055 1281 1339 1321 munitionibus
1355 1284 1526 1330 haberet,

201 1358 250 1382 ne
279 1345 329 1383 ab
356 1344 551 1394 equitatus
579 1345 830 1383 multitudine
854 1345 1142 1384 circumventus
1162 1348 1213 1385 ab
1235 1347 1528 1398 oppugnatione

200 1412 466 1458 deterreretur,
500 1420 698 1462 praeterea
732 1425 811 1462 quo
843 1411 992 1450 facilius
1026 1413 1223 1463 colloquia
1255 1414 1335 1452 fieri
1367 1421 1528 1464 possent

200 1484 248 1522 et,
271 1475 303 1514 si
332 1475 399 1526 qui
428 1477 629 1525 perfugere
650 1477 804 1523 vellent,
828 1476 867 1514 id
897 1478 1006 1526 quod
1034 1485 1150 1516 antea
1178 1492 1295 1528 saepe
1323 1478 1527 1517 accidebat
1548 1493 1587 1515 20

201 1555 343 1592 magno
381 1554 472 1580 cum
512 1555 646 1580 eorum
681 1541 865 1591 periculo,
903 1549 985 1580 tum
1021 1543 1132 1582 facile
1166 1552 1204 1582 et
1237 1543 1321 1583 sine
1354 1543 1528 1594 periculo

161 1618 180 1646 4
202 1607 319 1644 fieret.
379 1605 515 1644 Voluit
546 1606 663 1644 etiam
697 1606 870 1656 experiri,
898 1620 987 1645 cum
1023 1607 1182 1658 propius
1213 1609 1368 1646 hostem
1401 1622 1529 1647 acces-

161 1683 178 1713 5
201 1670 322 1717 sisset,
345 1671 558 1709 haberetne
589 1671 627 1709 in
657 1671 790 1709 animo
820 1670 1016 1711 dimicare.
1076 1674 1305 1712 Accedebat
1334 1673 1450 1712 etiam
1477 1674 1529 1712 ad

200 1735 366 1786 reliquas
394 1750 530 1774 causas
561 1737 670 1786 quod
702 1736 732 1774 is
767 1738 876 1775 locus
909 1738 1116 1788 depressus
1149 1745 1229 1776 erat
1259 1737 1446 1788 puteique
1472 1737 1527 1776 ibi

199 1813 279 1838 non
307 1800 403 1838 nulli
428 1800 508 1838 fieri
538 1799 791 1853 [complures]
820 1809 1023 1851 poterant:
1054 1801 1265 1852 aquatione
1285 1802 1390 1840 enim
1410 1803 1527 1852 longa
1547 1816 1584 1848 25

160 1870 179 1901 6
199 1872 236 1902 et
260 1872 424 1915 angusta
448 1866 638 1904 utebatur.
701 1868 808 1904 Dum
837 1868 934 1905 haec
964 1880 1082 1917 opera
1111 1880 1212 1917 quae
1240 1875 1331 1905 ante
1360 1866 1439 1905 dixi
1463 1868 1527 1905 fie-

199 1929 293 1967 bant
323 1944 346 1967 a
376 1930 541 1980 legione,
563 1930 718 1969 interim
753 1945 840 1981 pars
877 1932 961 1970 acie
991 1939 1082 1970 ante
1114 1945 1213 1982 opus
1240 1931 1428 1969 instructa
1453 1931 1526 1969 sub

198 1995 310 2032 hoste
345 1995 471 2033 stabat
488 2010 498 2042 3
536 1995 687 2045 equites
722 1996 875 2035 barbari
909 1996 1083 2046 levisque
1116 2003 1333 2034 armaturae
1370 1994 1526 2045 proeliis

198 2059 357 2098 minutis
386 2060 608 2100 comminus
638 2061 889 2100 dimicabant.

128 2126 178 2164 52
251 2126 395 2164 Caesar
425 2126 476 2163 ab
510 2140 557 2164 eo
592 2140 710 2177 opere
742 2141 833 2165 cum
865 2126 942 2165 iam
977 2127 1050 2165 sub
1084 2139 1289 2177 vesperum
1321 2124 1454 2175 copias
1484 2124 1524 2162 in
1545 2140 1585 2170 30

244 2240 256 2259 1
284 2230 378 2259 abusi
396 2229 451 2260 X:
485 2230 587 2260 abditi
606 2229 798 2269 Hoffimmn
816 2242 822 2260 :
857 2230 1040 2260 adversarii
1057 2229 1202 2259 Frblzlz‘clz
1339 2239 1376 2267 14
1400 2228 1524 2258 ducere

197 2273 338 2303 Daw'es:
365 2274 441 2303 duci
461 2271 497 2301 X
649 2273 794 2311 dirigere
823 2271 979 2313 Lipsius:
1026 2273 1158 2311 erigere
1174 2270 1225 2301 X:
1271 2272 1427 2311 derigere
1453 2270 1522 2301 edd.

201 2326 237 2355 15
265 2317 301 2346 Id
321 2316 505 2346 Rlzell1'can2
536 2316 562 2345 L
575 2335 580 2340 -
594 2316 641 2345 T.
660 2316 717 2346 D:
744 2334 750 2341 -
765 2316 808 2346 L·
828 2317 858 2346 i·
876 2318 897 2348 Β
1008 2326 1049 2354 25
1074 2315 1261 2355 complures
1277 2326 1341 2346 om.
1366 2314 1416 2345 V:
1440 2325 1523 2345 non·

198 2359 278 2390 nulli
303 2370 368 2390 om.
396 2364 429 2396 λ,
454 2359 519 2389 cod.
544 2359 655 2390 Petav.
793 2369 833 2397 27
859 2360 995 2398 legione
1021 2357 1077 2390 X:
1112 2359 1299 2398 legionibus
1325 2360 1341 2388 δ
1481 2357 1523 2387 28

198 2403 279 2434 levis
300 2403 330 2432 V
415 2407 584 2433 armatura
610 2402 767 2441 lJVoelfflz'n
