1705 2729
633 135 676 174 C.
711 135 826 172 IVLI
859 136 1127 174 CAESARIS

177 250 195 281 6
217 252 391 284 natorem
414 246 451 283 in
475 254 611 284 terram
630 259 769 284 navem
787 245 911 285 eicere
931 254 1087 296 cogunt,
1110 246 1182 296 ipsi
1203 246 1389 285 idoneum
1412 248 1542 286 locum

217 310 320 348 nacti
342 310 529 360 reliquam
562 310 687 349 noctis
713 318 862 360 partem
890 311 943 349 ibi
971 312 1224 349 confecerunt
1251 319 1288 349 et
1312 313 1399 350 luce
1420 312 1543 363 prima

217 374 343 412 missis
367 376 418 413 ad
443 388 509 413 eos
540 376 590 413 ab
623 374 793 413 Otacilio
822 374 1033 425 equitibus,
1061 375 1126 425 qui
1158 389 1244 413 eam
1275 383 1423 425 partem
1454 389 1544 414 orae

217 439 431 477 maritimae
460 440 730 485 adservabant‚
760 439 910 478 circiter
943 451 1042 477 CCCC
1072 439 1218 489 quique
1246 453 1313 478 eos
1336 440 1473 478 armati
1498 454 1544 479 ex

214 502 411 553 praesidio
440 503 562 542 secuti
593 511 692 550 sunt,
726 517 766 542 se
796 505 1058 542 defenderunt
1088 512 1125 542 et
1152 517 1231 542 non
1262 504 1377 543 nullis
1407 518 1542 544 eorum
1564 521 1580 552 5

215 566 426 606 interfectis
447 568 664 606 incolumes
686 582 726 606 se
746 569 797 607 ad
818 576 972 607 nostros
992 577 1231 619 receperunt.

139 637 195 675 29
272 633 364 681 Quo
398 634 501 671 facto
536 641 752 671 conventus
787 632 929 671 civium
971 635 1242 672 Romanorum
1282 633 1348 684 qui
1388 633 1544 673 Lissum

217 696 460 744 obtinebant,
501 699 608 747 quod
648 698 840 748 oppidum
880 698 934 737 eis
972 706 1087 737 antea
1126 700 1270 738 Caesar
1316 698 1544 738 attribuerat

217 761 556 812 muniendumque
595 771 804 810 curaverat,
843 763 1061 801 Antonium
1097 763 1242 813 recepit
1278 764 1543 814 omnibusque

214 827 329 865 rebus
363 826 466 865 iuvit.
537 827 727 865 Otacilius
760 827 833 865 sibi
866 827 1006 866 timens
1037 841 1084 866 ex
1115 828 1264 878 oppido
1295 828 1392 879 fugit
1423 836 1461 866 et
1491 829 1542 867 ad
1566 843 1603 866 10

177 910 191 931 2
216 890 449 941 Pompeium
488 891 672 941 pervenit.
738 893 930 941 Expositis
960 892 1144 931 omnibus
1176 892 1298 943 copiis
1331 892 1539 939 Antonius,

214 969 379 1005 quarum
406 963 485 994 erat
510 969 663 994 summa
687 964 957 995 veteranarum
981 957 1097 995 trium
1121 957 1320 1006 legionum
1348 957 1543 1007 uniusque

213 1020 383 1058 tironum
418 1028 455 1058 et
487 1020 663 1070 equitum
700 1033 815 1069 DCCC,
848 1023 1053 1072 plerasque
1084 1022 1191 1060 navis
1222 1022 1263 1059 in
1301 1022 1454 1060 Italiam
1489 1036 1543 1060 re-

175 1102 192 1132 3
213 1084 329 1123 mittit
363 1086 413 1124 ad
448 1085 617 1135 reliquos
652 1085 793 1124 milites
828 1086 1058 1136 equitesque
1088 1087 1417 1137 transportandos‚
1447 1100 1542 1136 pon—

213 1157 335 1197 tones,
369 1151 476 1200 quod
516 1158 573 1189 est
606 1165 728 1201 genus
759 1151 917 1189 navium
948 1151 1196 1199 Gallicarum,
1229 1151 1328 1190 Lissi
1359 1150 1541 1202 relinquit
1565 1168 1601 1199 15

212 1216 288 1253 hoc
333 1214 497 1253 consilio
542 1223 594 1262 ut,
636 1215 667 1253 si
710 1217 807 1254 forte
856 1216 1067 1266 Pompeius
1105 1230 1269 1255 vacuam
1317 1215 1541 1255 existimans

214 1279 367 1318 Italiam
398 1293 445 1318 eo
478 1279 690 1319 traiecisset
717 1280 940 1327 exercitum,
974 1294 1075 1331 quae
1104 1281 1239 1331 opinio
1266 1289 1346 1320 erat
1370 1280 1476 1320 edita
1503 1281 1542 1319 in

212 1345 360 1394 vulgus,
383 1344 555 1394 aliquam
577 1346 721 1384 Caesar
740 1346 791 1384 ad
812 1345 1101 1396 insequendum
1123 1347 1347 1385 facultatem
1368 1346 1539 1393 haberet,

214 1409 452 1459 nuntiosque
482 1411 533 1448 ad
563 1423 653 1448 eum
682 1410 855 1449 celeriter
883 1410 999 1449 mittit
1021 1410 1162 1461 quibus
1190 1411 1414 1462 regionibus
1440 1424 1543 1449 exer-

215 1474 336 1513 citum
357 1475 599 1525 exposuisset
620 1483 658 1514 et
679 1475 774 1526 quid
796 1475 962 1514 militurn
988 1476 1269 1515 transvexisset.
1565 1493 1604 1514 20

141 1551 195 1588 30
271 1542 385 1579 Haec
415 1542 557 1579 eodem
589 1542 667 1580 fere
704 1549 880 1591 tempore
919 1543 1062 1581 Caesar
1091 1549 1209 1591 atque
1240 1541 1452 1592 Pompeius
1481 1555 1543 1580 co-

215 1613 419 1656 gnoscunt.
481 1607 585 1643 Nam
612 1613 895 1656 praetervectas
922 1607 1174 1656 Apolloniam
1205 1606 1543 1656 Dyrrachiumque

215 1670 325 1708 navis
347 1669 534 1717 viderant,
559 1670 632 1720 ipsi
662 1670 733 1709 iter
758 1672 976 1709 secundum
1005 1684 1069 1709 eas
1098 1679 1196 1710 terra
1217 1671 1449 1718 direxerant,
1472 1671 1542 1710 sed

177 1749 190 1770 2
213 1748 292 1784 quo
322 1742 451 1773 essent
482 1748 550 1773 eae
582 1736 733 1774 delatae
765 1735 898 1785 primis
930 1735 1070 1775 diebus
1100 1736 1341 1786 ignorabant.
1401 1735 1543 1787 Cogni-

213 1807 331 1850 taque
369 1814 409 1838 re
443 1799 594 1838 diversa
628 1800 701 1839 sibi
735 1801 854 1839 ambo
887 1800 1049 1839 consilia
1084 1801 1267 1851 capiunt:
1310 1802 1463 1848 Caesar,
1500 1807 1544 1839 ut
1565 1812 1603 1843 25

213 1878 331 1914 quam
362 1864 531 1914 primum
561 1878 602 1903 se
632 1878 721 1903 cum
744 1865 920 1904 Antonio
950 1866 1217 1917 coniungeret,
1246 1865 1469 1916 Pompeius,
1501 1872 1543 1903 ut

213 1929 461 1968 venientibus
478 1929 517 1967 in
538 1929 674 1969 itinere
695 1944 736 1969 se
759 1940 985 1982 opponeret,
1007 1930 1077 1984 [et]
1101 1931 1131 1969 si
1148 1930 1407 1982 imprudentis
1424 1944 1470 1969 ex
1490 1929 1544 1968 in-

178 2007 194 2038 5
214 1994 321 2033 sidiis
342 1994 483 2033 adoriri
504 2003 636 2044 posset
652 2011 661 2043 3
692 1998 914 2047 eodemque
930 1997 994 2036 die
1010 2004 1174 2046 uterque
1195 2010 1331 2035 eorum
1347 2010 1394 2035 ex
1409 1994 1544 2034 castris

215 2059 361 2098 stativis
384 2074 407 2097 a
430 2060 592 2099 flumine
616 2065 725 2112 Apso
753 2063 964 2102 exercitum
992 2064 1178 2108 educunt,
1200 2060 1413 2112 Pompeius
1442 2061 1543 2099 clam

178 2136 196 2165 4
216 2131 253 2162 et
274 2131 407 2172 noctu,
424 2126 569 2165 Caesar
584 2129 713 2177 palam
733 2135 852 2178 atque
872 2127 1051 2166 interdiu.
1103 2127 1181 2165 Sed
1202 2125 1361 2166 Caesari
1380 2124 1544 2163 circuitu
1565 2134 1606 2165 30

216 2189 361 2227 maiore
391 2190 462 2229 iter
492 2199 572 2230 erat
602 2192 769 2243 longius,
793 2193 957 2231 adverso
987 2190 1158 2237 flumine,
1183 2198 1225 2229 ut
1251 2191 1354 2229 vado
1383 2188 1544 2227 transire

260 2307 280 2334 9
305 2296 433 2335 recepit
455 2295 498 2328 V:
526 2296 645 2335 recipit
661 2299 725 2327 cett.
820 2306 858 2326 10
882 2307 924 2326 ex
941 2294 1017 2326 add.
1041 2293 1219 2335 Nipperdqy
1311 2303 1344 2323 11
1376 2292 1546 2332 Expositis

217 2339 358 2370 Achilles
374 2339 504 2370 Statius
519 2351 525 2370 :
550 2350 592 2370 ex
610 2338 647 2369 X
733 2349 773 2377 23
799 2344 887 2370 terra
905 2338 1052 2379 Scaliger
1066 2338 1109 2377 (L
1121 2339 1145 2376 ἲ)
1163 2349 1170 2368 :
1198 2342 1308 2367 terras
1324 2335 1361 2365 X
1445 2346 1484 2374 27
1512 2335 1544 2365 in

218 2393 283 2412 om.
301 2382 344 2412 D*
525 2388 559 2413 et
575 2382 633 2413 del.
652 2383 772 2413 Dam'es
1012 2392 1053 2420 29
1076 2381 1170 2421 Apso
1186 2379 1300 2410 Aldus
1315 2391 1322 2410 t
1348 2385 1445 2419 tapso
1462 2378 1543 2409 EV:

219 2426 338 2465 thapso
357 2424 471 2456 DL‘T
