1705 2729
348 174 421 209 DE
453 173 631 210 BELLO
661 171 1075 209 ALEXANDRINO
1107 172 1276 207 LIBER

152 280 444 331 Cappadociam
473 280 660 319 confectis
690 280 855 318 biduum
889 281 1073 317 Mazacae
1102 286 1366 317 commoratus
1397 280 1471 318 Co-

150 358 266 383 mana
285 345 399 391 venit,
423 344 729 383 vetustissimum
759 351 797 382 et
826 343 1115 381 sanctissimum
1150 343 1189 380 in
1219 343 1472 393 Cappadocia

151 411 336 448 Bellonae
356 410 556 459 templum,
581 410 689 459 quod
713 416 820 446 tanta
846 408 1031 458 religione
1067 407 1206 446 colitur
1226 416 1268 446 ut
1291 409 1472 446 sacerdos

148 473 230 512 eius
251 474 348 512 deae
368 473 578 519 maiestate,
602 472 776 522 imperio,
800 472 975 522 potentia
1000 473 1195 510 secundus
1222 485 1245 509 a
1271 486 1359 522 rege
1383 485 1472 510 con-

111 548 128 579 5
148 551 264 575 sensu
292 537 417 587 gentis
445 537 545 575 illius
570 537 768 575 habeatur.
830 537 878 574 Id
905 536 1056 575 homini
1084 536 1329 575 nobilissimo
1351 538 1472 586 Lyco·
1489 551 1508 580 4

148 601 253 639 medi
285 601 455 651 Bithyno
488 601 736 648 adiudicavit,
771 601 838 651 qui
872 601 977 651 regio
1013 602 1297 650 Cappadocum
1332 614 1472 650 genere

146 673 252 704 ortus
276 665 357 704 iure
385 666 544 704 minime
565 666 697 713 dubio,
721 674 912 704 vetustate
933 675 1065 704 tamen
1093 674 1249 716 propter
1269 667 1470 704 adversam

146 731 341 768 fortunam
379 730 570 768 maiorum
609 744 767 769 suorum
800 731 1138 780 mutationemque
1171 730 1321 780 generis
1360 730 1472 767 inter-

146 793 265 832 misso
286 794 546 832 sacerdotium
567 795 608 834 id
628 797 836 846 repetebat.
899 796 1019 833 Fratri
1046 803 1177 833 autem
1198 794 1469 833 Ariobarzanis
1490 804 1507 835 5

89 869 127 891 10
145 858 348 905 Ariarathi‚
381 873 471 897 cum
499 861 600 898 bene
628 860 786 898 meritus
821 868 984 910 uterque
1010 874 1145 898 eorum
1171 860 1220 898 de
1247 873 1286 897 re
1314 858 1470 909 publica

145 931 255 969 esset,
279 936 328 961 ne
348 931 414 961 aut
435 925 541 973 regni
562 925 755 963 hereditas
776 925 1008 963 Ariarathen
1029 924 1250 963 sollicitaret
1271 931 1337 961 aut
1358 924 1469 961 heres

144 987 251 1037 regni
285 995 440 1027 terreret
471 988 747 1029 †Ariobarzani
778 989 953 1027 attribuit
982 988 1049 1039 qui
1083 989 1156 1027 sub
1191 988 1273 1026 eius
1304 987 1468 1037 imperio

142 1065 187 1090 ac
209 1052 364 1091 dicione
389 1056 530 1093 esset†.
592 1055 682 1103 Ipse
702 1053 772 1092 iter
792 1053 992 1103 inceptum
1014 1052 1128 1091 simili
1149 1052 1353 1091 velocitate
1378 1066 1468 1091 con-

143 1116 258 1155 ficere
278 1117 417 1167 coepit.

86 1191 122 1223 Ι5
197 1182 299 1220 Cum
326 1182 485 1232 propius
518 1184 689 1221 Pontum
714 1181 881 1231 finisque
909 1181 1199 1231 Gallograeciae
1225 1180 1461 1228 accessisset,
1486 1183 1537 1230 67

144 1245 360 1292 Deiotarus,
407 1247 617 1285 tetrarches
665 1245 955 1296 Gallograeciae
1002 1254 1085 1284 tum
1133 1246 1293 1296 quidem
1341 1259 1465 1296 paene

91 1306 93 1308 ’
141 1310 270 1357 totius,
306 1312 415 1361 quod
449 1310 484 1349 ei
517 1324 647 1361 neque
681 1310 830 1361 legibus
864 1324 993 1361 neque
1025 1310 1198 1349 moribus
1233 1323 1465 1349 concessum

140 1388 225 1413 esse
254 1375 370 1414 ceteri
400 1376 614 1414 tetrarchae
640 1375 944 1422 contendebant,
977 1375 1060 1413 sine
1089 1374 1212 1414 dubio
1240 1382 1371 1413 autem
1401 1388 1466 1413 rex

140 1439 350 1478 Armeniae
393 1440 554 1479 minoris
591 1441 642 1478 ab
681 1448 817 1479 senatu
856 1441 1084 1490 appellatus,
1126 1439 1314 1489 depositis
1353 1438 1465 1489 regiis

82 1514 121 1536 20
140 1502 356 1554 insignibus
386 1518 514 1554 neque
541 1512 693 1543 tantum
721 1505 870 1555 privato
900 1504 1041 1543 vestitu
1071 1505 1140 1543 sed
1167 1504 1283 1543 etiam
1311 1517 1464 1542 reorum

140 1568 276 1607 habitu
315 1571 478 1619 supplex
508 1571 560 1608 ad
595 1570 801 1609 Caesarem
842 1569 948 1608 venit
987 1576 1138 1608 oratum
1170 1576 1213 1607 ut
1251 1568 1325 1607 sibi
1359 1568 1464 1618 igno-

138 1641 271 1680 sceret,
299 1635 408 1683 quod
437 1634 476 1671 in
507 1647 552 1672 ea
580 1642 688 1685 parte
713 1633 863 1684 positus
888 1641 1072 1672 terrarum
1098 1647 1198 1684 quae
1227 1635 1333 1671 nulla
1359 1646 1464 1683 prae-

138 1697 236 1736 sidia
266 1697 443 1736 Caesaris
472 1698 672 1736 habuisset
705 1698 935 1736 exercitibus
964 1697 1215 1748 imperiisque
1243 1702 1386 1736 coactus
1424 1697 1463 1734 in

138 1762 210 1801 Cn.
235 1762 398 1812 Pompei
419 1762 551 1801 castris
567 1762 702 1801 fuisset
720 1778 727 1801 :
757 1776 886 1812 neque
901 1762 1006 1801 enim
1027 1776 1068 1800 se
1088 1762 1271 1801 debuisse
1292 1762 1461 1801 iudicem
1484 1777 1500 1798 2

79 1836 118 1867 25
137 1839 221 1864 esse
255 1827 604 1865 controversiarum
634 1827 769 1877 populi
802 1827 984 1873 Romani,
1019 1828 1089 1865 sed
1122 1839 1256 1877 parere
1286 1839 1463 1876 praesen-

136 1889 239 1928 tibus
259 1890 441 1941 imperiis.

190 1955 336 1994 Contra
370 1969 488 2005 quem
522 1956 674 2002 Caesar,
707 1969 797 1994 cum
828 1955 993 2006 plurima
1020 1968 1089 1994 sua
1113 1963 1459 1994 commemorasset
1480 1953 1533 1991 68

134 2019 261 2057 officia
295 2033 396 2069 quae
423 2022 561 2059 consul
588 2019 623 2058 ei
650 2019 815 2058 decretis
847 2019 1014 2070 publicis
1050 2019 1256 2066 tribuisset,
1289 2033 1460 2070 cumque

134 2083 403 2122 defensionem
435 2084 517 2122 eius
547 2085 694 2123 nullam
728 2098 843 2134 posse
877 2084 1167 2123 excusationem
1204 2083 1286 2122 eius
1317 2084 1459 2134 impru—

176 2180 196 2199 2
219 2170 312 2201 venit
329 2170 409 2200 A26:
435 2181 500 2202 om.
518 2169 555 2200 X
668 2182 687 2209 4
712 2171 889 2201 maiestate
910 2172 968 2201 ‘ex
982 2171 1072 2201 nullo
1091 2171 1289 2201 nominatim
1307 2170 1460 2211 afferlur’

133 2212 286 2243 Dabner:
327 2214 432 2253 magis
463 2213 502 2243 X
641 2225 658 2253 7
683 2219 823 2254 propter
839 2238 846 2245 .
867 2238 873 2245 .
895 2239 901 2246 .
922 2215 1058 2254 generis
1085 2218 1160 2254 post
1190 2219 1301 2244 tamen
1334 2218 1456 2254 transp.

134 2255 330 2286 Cornelissen
344 2268 350 2286 :
370 2260 447 2297 post
460 2261 553 2287 ortus
570 2256 687 2287 habent
707 2258 780 2288 libri
898 2268 934 2288 12
954 2262 1029 2298 post
1045 2262 1190 2288 terreret
1207 2257 1281 2288 add.
1301 2257 1458 2288 Ariobar-

132 2309 250 2339 zanen,
271 2303 401 2338 partem
415 2300 598 2330 Armeniae
616 2301 755 2332 minoris
772 2302 951 2341 concessit,
969 2311 1113 2340 eumque
1131 2300 1308 2342 Nipperdey
1362 2300 1457 2331 Ario-

132 2342 267 2372 barzani
284 2341 336 2372 X:
366 2342 620 2374 Ariobarzanen
637 2344 743 2383 Iurt'n,
762 2344 962 2384 Hoffmann,
982 2345 1145 2383 quiesset
1163 2345 1196 2373 in
1217 2348 1333 2374 essent
1351 2347 1460 2374 mutat

137 2395 175 2423 19
199 2385 302 2423 regiis
319 2385 413 2416 EF²:
440 2387 575 2425 regibus
596 2386 642 2417 V:
673 2387 762 2426 regis
779 2391 842 2418 cett.
974 2397 1016 2417 20
1040 2392 1170 2417 tantum
1187 2387 1287 2417 ΕΔδε
1313 2391 1407 2417 tanto
1423 2385 1461 2415 X

134 2438 175 2466 23
199 2432 333 2458 coactus
350 2429 423 2460 add.
445 2429 610 2469 Glandorp

178 2491 270 2512 cass.
290 2491 389 2512 ALEx.
1328 2485 1366 2515 13
