1705 2729
628 149 671 187 C.
706 149 820 186 IVLI
853 148 1121 187 CAESARIS

210 262 450 299 manendum
473 273 520 298 eo
545 261 633 298 loco
654 268 691 297 et
720 273 798 297 rem
825 260 973 309 proelio
994 260 1316 298 committendam
1345 261 1536 299 existima-

171 332 302 362 3rent.
362 326 510 363 Contra
543 337 588 362 ea
623 326 767 362 Caesar
805 337 933 373 neque
972 323 1062 361 satis
1102 324 1288 362 militibus
1326 325 1535 374 perterritis

207 389 433 426 confidebat
449 388 699 438 spatiumque
715 388 1045 437 interponendum
1063 389 1113 426 ad
1134 390 1366 427 recreandos
1381 389 1534 427 animos

207 453 370 502 putabat
385 468 394 500 3
425 453 566 491 relictis
597 452 882 491 munitionibus
912 465 1150 503 magnopere
1179 453 1232 491 rei
1262 453 1534 491 frumentariae

207 516 380 555 timebat.
1553 530 1571 561 5

138 587 188 626 75
264 583 403 631 Itaque
430 582 536 619 nulla
560 581 788 631 interposita
813 594 921 620 mora
948 581 1169 619 sauciorum
1197 583 1318 620 modo
1343 589 1380 620 et
1406 594 1535 630 aegro-

207 659 292 683 rum
313 645 446 684 habita
466 645 615 684 ratione
636 645 920 696 impedimenta
940 645 1072 684 omnia
1093 645 1247 683 silentio
1274 645 1398 695 prima
1418 653 1534 683 nocte

206 723 252 747 ex
282 710 414 748 castris
440 709 692 760 Apolloniam
723 710 930 759 praemisit.
993 711 1107 747 Haec
1137 709 1414 759 conquiescere
1440 717 1531 747 ante

204 774 275 812 iter
304 776 528 812 confectum
556 774 687 812 vetuit.
750 774 825 812 His
855 787 933 812 una
962 774 1062 823 legio
1093 774 1209 811 missa
1238 773 1432 823 praesidio
1462 780 1529 811 est.

167 847 181 868 2
205 838 280 876 His
302 838 490 888 explicitis
511 839 626 876 rebus
648 840 745 876 duas
766 838 806 876 in
828 838 961 876 castris
981 838 1154 887 legiones
1175 837 1343 884 retinuit,
1365 837 1532 887 reliquas
1557 850 1594 872 ιο

202 903 252 940 de
279 910 415 952 quarta
434 902 563 952 vigilia
589 902 856 951 compluribus
884 902 1004 952 portis
1033 903 1194 940 eductas
1225 903 1366 940 eodem
1396 902 1532 940 itinere

201 966 400 1016 praemisit
426 980 625 1016 parvoque
647 966 773 1016 spatio
803 966 1036 1013 intermisso,
1061 974 1103 1004 ut
1124 974 1161 1004 et
1192 966 1357 1004 militare
1383 966 1533 1004 institu-

201 1038 284 1068 tum
305 1039 518 1069 servaretur
539 1038 577 1069 et
603 1044 721 1080 quam
744 1031 937 1069 serissime
959 1031 1042 1069 eius
1070 1031 1260 1081 profectio
1281 1044 1531 1081 cognoscere-

200 1102 271 1142 tur,
308 1095 543 1134 conclamari
583 1095 692 1133 iussit
733 1095 943 1145 statimque
984 1109 1158 1146 egressus
1198 1103 1236 1134 et
1274 1096 1530 1134 novissimum

198 1172 339 1209 agmen
361 1168 596 1198 consecutus
617 1160 792 1198 celeriter
809 1174 854 1198 ex
877 1168 1090 1210 conspectu
1108 1168 1322 1199 castrorum
1339 1160 1526 1199 discessit.
1552 1171 1588 1204 15

163 1232 179 1262 3
200 1225 340 1274 Neque
356 1238 447 1263 vero
469 1224 680 1274 Pompeius
702 1224 860 1274 cognito
881 1224 1045 1263 consilio
1066 1224 1148 1263 eius
1170 1238 1320 1263 moram
1340 1226 1459 1263 ullam
1478 1225 1530 1264 ad

199 1288 486 1338 insequendum
507 1289 635 1327 intulit
657 1290 726 1328 sed
744 1291 883 1328 eadem
905 1296 1098 1339 spectans,
1115 1289 1144 1328 si
1166 1289 1302 1328 itinere
1318 1289 1529 1339 impeditos

197 1353 417 1402 perterritos
447 1354 742 1403 deprehendere
773 1361 915 1403 posset,
949 1353 1159 1392 exercitum
1190 1367 1211 1391 e
1238 1353 1371 1392 castris
1395 1354 1527 1392 eduxit

197 1417 493 1467 equitatumque
514 1417 713 1468 praemisit
733 1419 785 1456 ad
806 1417 1062 1456 novissimum
1081 1431 1222 1467 agmen
1238 1419 1525 1457 demorandum

196 1494 324 1531 neque
345 1481 533 1531 consequi
555 1481 694 1532 potuit,
718 1483 826 1532 quod
854 1484 1022 1520 multum
1050 1482 1233 1532 expedito
1260 1482 1396 1521 itinere
1421 1491 1526 1522 ante-
1547 1499 1587 1520 20

156 1558 177 1587 4
196 1552 362 1584 cesserat
392 1547 545 1585 Caesar.
606 1547 684 1584 Sed
709 1559 799 1584 cum
824 1554 985 1584 ventum
1013 1554 1114 1584 esset
1137 1548 1188 1585 ad
1218 1548 1365 1585 flumen
1395 1549 1526 1586 Genu-

195 1623 292 1657 sum,
344 1611 451 1659 quod
503 1609 594 1659 ripis
646 1617 727 1648 erat
778 1609 989 1660 impeditis,
1040 1618 1274 1649 consecutus
1328 1612 1524 1661 equitatus

157 1688 174 1718 5
195 1673 428 1712 novissimos
462 1674 611 1723 proelio
643 1673 855 1712 detinebat.
929 1674 1036 1713 Huic
1068 1688 1159 1713 suos
1198 1676 1343 1714 Caesar
1372 1676 1523 1726 equites

194 1738 379 1789 opposuit
418 1739 701 1788 expeditosque
743 1739 1019 1789 antesignanos
1058 1740 1267 1778 admiscuit
1304 1752 1414 1787 cccc,
1456 1740 1523 1790 qui

193 1810 345 1841 tantum
376 1805 623 1853 profecerunt
648 1810 691 1841 ut
721 1803 890 1852 equestri
914 1803 1063 1853 proelio
1093 1804 1305 1842 commisso
1333 1805 1522 1853 pellerent
1545 1815 1582 1846 25

194 1868 321 1906 omnis
352 1868 643 1918 complurisque
673 1868 935 1907 interficerent
967 1868 1120 1919 ipsique
1150 1869 1367 1908 incolumes
1401 1882 1442 1908 se
1470 1871 1521 1908 ad

191 1945 332 1982 agmen
353 1932 578 1982 reciperent.

119 2003 174 2049 76
248 1999 441 2036 Confecto
462 1997 564 2036 iusto
592 1997 729 2036 itinere
756 1998 838 2037 eius
865 1999 943 2037 diei
965 2000 1073 2048 quod
1101 2006 1356 2049 proposuerat
1376 1999 1522 2038 Caesar

192 2063 451 2112 traductoque
491 2062 659 2101 exercitu
692 2064 838 2102 fiumen
878 2065 1094 2110 Genusum,
1131 2063 1324 2102 veteribus
1362 2064 1441 2102 suis
1479 2064 1519 2102 in

190 2126 322 2164 castris
349 2134 484 2164 contra
515 2127 772 2177 Asparagium
803 2127 982 2165 consedit
1013 2127 1233 2177 militesque
1263 2128 1390 2166 omnis
1420 2128 1518 2167 intra
1539 2137 1580 2168 30

188 2193 332 2228 vallum
359 2198 572 2228 castrorum
595 2191 788 2229 continuit
810 2191 1106 2241 equitatumque
1133 2206 1201 2242 per
1221 2205 1377 2230 causam
1399 2194 1518 2242 pabu-

188 2255 293 2293 landi
311 2255 497 2293 emissum
514 2255 720 2293 confestim
737 2257 957 2294 decumana
974 2264 1083 2305 porta
1101 2257 1139 2294 in
1154 2264 1275 2295 castra
1292 2271 1333 2295 se
1347 2257 1517 2307 recipere

231 2360 251 2389 8
276 2359 388 2399 Haec]
408 2369 445 2389 ac
471 2359 511 2388 L'
647 2368 684 2397 13
709 2359 879 2389 serissime
898 2358 1062 2399 Scahger:
1099 2360 1287 2390 suetissime
1312 2359 1349 2390 X
1476 2361 1515 2390 18

189 2402 386 2440 perterritos
404 2412 468 2431 om.
493 2400 522 2428 V
650 2412 692 2440 29
716 2402 749 2431 in
768 2402 887 2432 castris
906 2402 997 2433 L'V:
1022 2402 1140 2433 castris
1158 2403 1240 2433 D‘T
