1705 2729
582 136 817 174 INCERTI
850 138 1128 176 AVCTORIS

191 252 232 282 ut
253 259 377 294 paene
399 247 539 284 eodem
563 255 737 296 tempore
765 262 811 285 ex
837 248 1022 285 omnibus
1042 249 1224 298 partibm,
1249 249 1362 300 primi
1384 260 1513 289 tamen

191 309 449 348 editissimum
472 320 685 349 castrorum
708 313 839 350 locum
863 321 1070 362 caperent3
1099 328 1145 351 ex
1166 327 1247 364 quo
1265 315 1516 353 decurrentes

192 387 372 423 magnam
422 375 716 414 multitudinem
758 377 929 415 hostium
969 377 1008 415 in
1046 377 1179 415 castris
1227 378 1511 418 interfecerunt.

151 456 172 487 4
192 440 312 486 Quod
342 439 558 489 periculum
588 441 764 490 plerique
798 442 1051 480 Alexandrini
1082 442 1273 492 fugientes
1306 444 1514 482 acervatim

190 516 230 541 se
251 505 300 542 de
322 506 423 543 vallo
448 505 751 555 praecipitarunt
778 505 819 545 in
844 520 931 544 eam
958 515 1106 556 partem
1132 520 1231 556 quae
1262 507 1414 545 flumini
1435 517 1515 547 erat

153 582 169 612 5
189 568 383 607 adiuncta.
446 572 602 608 Horum
637 571 771 620 primis
800 570 839 609 in
870 571 953 621 ipsa
986 573 1088 610 fossa
1117 572 1345 612 munitionis
1375 586 1515 623 magna

150 639 170 669 6
190 633 300 671 ruina
330 635 525 684 oppressis
556 635 673 674 ceteri
706 635 918 674 faciliorem
951 637 1079 687 fugam
1112 638 1341 676 habuerunt.
1413 639 1515 677 Con-

189 705 263 736 stat
283 699 425 748 fugisse
453 714 498 738 ex
526 700 658 738 castris
686 714 816 750 regem
843 700 971 750 ipsum
999 709 1277 751 receptumque
1305 701 1344 739 in
1374 716 1512 741 navem

189 763 439 801 multitudine
487 779 621 803 eorum
671 765 736 814 qui
783 766 833 803 ad
879 765 1074 815 proximas
1121 766 1229 803 navis
1273 767 1513 805 adnatabant

187 829 367 866 demerso
396 829 551 878 navigio
580 829 734 878 perisse.

117 906 168 942 32
242 894 302 931 Re
323 893 545 932 felicissime
566 894 845 943 celerrimeque
860 903 968 945 gesta
985 897 1127 934 Caesar
1147 909 1310 946 magnae
1331 896 1513 934 victoriae

187 957 332 996 fiducia
350 958 529 1008 proximo
550 958 717 997 terrestri
739 958 875 997 itinere
896 961 1182 998 Alexandream
1204 974 1294 998 curn
1315 960 1513 1010 equitibus

186 1023 391 1061 contendit
419 1031 538 1073 atque
568 1038 614 1062 ea
644 1032 752 1074 parte
783 1024 920 1074 oppidi
948 1025 1070 1063 victor
1098 1024 1244 1063 introiit
1278 1038 1378 1075 quae
1408 1039 1512 1074 prae-

150 1087 286 1125 zsidio
324 1088 497 1126 hostium
538 1089 752 1127 tenebatur.
831 1091 973 1139 Neque
1011 1103 1100 1128 eum
1142 1089 1349 1128 consilium
1395 1104 1509 1128 suum

186 1152 321 1190 fefellit
350 1153 445 1202 quin
480 1155 613 1192 hostes
648 1168 696 1192 eo
728 1152 878 1203 proelio
915 1154 1051 1193 audito
1085 1154 1180 1192 nihil
1213 1154 1288 1192 iam
1323 1155 1373 1192 de
1405 1154 1510 1193 bello

147 1231 166 1262 3
186 1225 316 1255 essent
354 1217 569 1267 cogitaturi.
642 1218 817 1268 Dignum
850 1218 1065 1257 adveniens
1094 1220 1262 1257 fructum
1294 1221 1443 1256 virtutis
1473 1227 1511 1257 et

185 1281 306 1319 animi
326 1282 609 1332 magnitudinis
630 1283 741 1320 tulit:
770 1283 900 1321 omnis
925 1283 1031 1322 enirn
1059 1283 1270 1321 multitudo
1297 1283 1512 1333 oppidano-

185 1359 269 1383 rum
293 1347 410 1385 armis
437 1347 620 1397 proiectis
650 1347 1017 1398 munitionibusque
1045 1347 1124 1386 suis
1154 1348 1305 1393 relictis,
1336 1356 1442 1387 veste
1466 1361 1512 1387 ea

183 1419 340 1461 sumpta
377 1425 455 1462 qua
494 1412 689 1462 supplices
734 1413 975 1451 dominantis
1018 1412 1218 1463 deprecari
1259 1420 1508 1459 consuerunt,

183 1476 380 1526 sacrisque
405 1477 590 1515 omnibus
614 1476 773 1527 prolatis
805 1490 973 1527 quorum
1004 1477 1190 1527 religione
1216 1476 1364 1528 precari
1393 1479 1512 1516 offen-

184 1554 247 1579 sos
271 1541 466 1592 iratosque
490 1541 643 1580 animos
670 1555 804 1592 regum
832 1549 940 1580 erant
964 1542 1077 1589 soliti,
1105 1542 1330 1581 advenienti
1355 1541 1511 1582 Caesari

145 1617 166 1650 4
184 1614 433 1645 occurrerunt
457 1620 578 1656 seque
599 1606 634 1645 ei
655 1607 901 1645 dediderunt.
964 1608 1107 1646 Caesar
1127 1606 1167 1645 in
1187 1608 1307 1646 fidem
1333 1615 1510 1657 receptos

183 1673 407 1710 consolatus
436 1685 505 1722 per
534 1671 706 1711 hostium
731 1672 970 1711 munitiones
994 1671 1033 1709 in
1061 1686 1171 1710 suam
1195 1680 1344 1722 partem
1375 1670 1511 1722 oppidi

183 1750 323 1787 magna
348 1736 605 1787 gratulatione
635 1736 741 1776 venit
771 1751 940 1784 suorum,
973 1736 1039 1787 qui
1071 1751 1151 1775 non
1181 1744 1332 1776 tantum
1362 1738 1510 1776 bellum

182 1800 310 1851 ipsum
344 1815 389 1839 ac
428 1801 723 1840 dimicationem
763 1803 832 1840 sed
866 1801 983 1840 etiam
1018 1803 1135 1841 talem
1179 1803 1392 1841 adventum
1427 1802 1510 1841 eius
1557 1818 1568 1823 ·

182 1866 336 1905 felicem
366 1866 484 1905 fuisse
513 1868 767 1906 laetabantur.

113 1933 164 1970 33
238 1933 381 1970 Caesar
400 1934 581 1982 Aegypto
601 1940 719 1982 atque
740 1933 986 1971 Alexandrea
1006 1932 1152 1983 potitus
1173 1947 1281 1984 reges
1308 1933 1510 1972 constituit

183 2010 281 2046 quos
330 1998 582 2035 Ptolomaeus
620 2004 857 2036 testamento
896 1997 1099 2047 scripserat
1136 2006 1255 2048 atque
1293 1999 1509 2037 obtestatus

147 2075 160 2096 2
183 2068 262 2098 erat
286 2063 476 2111 populum
503 2064 731 2100 Romanum
762 2076 813 2100 ne
844 2070 1094 2100 mutarentur.
1155 2064 1258 2100 Nam
1288 2063 1434 2102 maiore
1463 2078 1510 2102 ex

183 2126 339 2163 duobus
366 2125 506 2175 pueris,
529 2139 627 2175 rege,
651 2125 796 2165 amisso
822 2125 964 2164 minori
990 2126 1148 2164 tradidit
1172 2140 1334 2176 regnum
1360 2127 1510 2166 maiori-

183 2203 259 2240 que
300 2204 346 2228 ex
385 2192 540 2229 duabus
572 2191 670 2237 filiis,
709 2192 950 2241 Cleopatrae,
985 2205 1086 2241 quae
1120 2200 1314 2230 manserat
1352 2193 1392 2230 in
1431 2195 1509 2232 fide

228 2305 245 2324 2
271 2294 377 2325 locum
396 2300 583 2327 castrorum
600 2297 672 2327 EL'
806 2307 821 2335 7
848 2297 945 2328 ruina
961 2299 1003 2332 B:
1029 2298 1060 2328 vi
1078 2298 1122 2327 D'
1253 2299 1273 2328 8
1292 2302 1369 2338 post
1390 2310 1507 2330 navem

182 2338 257 2369 add.
279 2343 311 2368 et
329 2338 373 2368 D'
509 2350 543 2370 11
574 2351 693 2379 magna
712 2340 895 2371 ciacconius
1039 2351 1076 2379 13
1101 2341 1214 2371 introit
1237 2342 1296 2373 L‘:
1325 2342 1461 2373 intravit
1478 2343 1511 2373 E

187 2391 223 2419 15
250 2382 371 2411 refellit
389 2382 457 2412 DT
586 2384 625 2412 28
652 2394 734 2422 quos
754 2384 862 2414 IRA-5:
893 2390 928 2414 ut
946 2395 1029 2422 quos
1046 2384 1083 2413 X
1219 2396 1257 2424 31
1286 2385 1418 2416 filiabus
1438 2385 1469 2415 V

1535 846 1574 868 10

1533 1490 1572 1512 20

1530 2142 1570 2173 30
