1705 2729
408 153 481 189 DE
513 151 691 190 BELLO
724 151 1084 189 HISPANIENSI
1117 151 1287 188 LIBER

183 261 274 311 iugo
312 260 500 310 derigunt,
542 267 584 298 ut
619 272 747 308 aequo
788 260 889 308 pede
926 271 1016 296 cum
1057 259 1283 297 adversariis
1322 259 1507 310 congredi

183 333 352 376 possent.
412 326 448 362 A
467 324 609 374 quibus
635 336 726 361 cum
752 322 928 361 animum
954 323 1159 361 adversum
1190 330 1302 370 esset,
1325 324 1414 373 fuga
1433 322 1507 361 sibi

182 388 418 439 praesidium
438 388 606 439 capiunt.

236 452 458 503 Pompeius,
490 460 532 490 ut
561 465 677 502 supra
707 451 1071 499 demonstravimus,
1103 451 1255 490 saucius
1291 458 1328 490 et
1361 451 1504 490 intorto
1523 464 1579 502 39

144 533 161 565 5
182 519 261 556 talo
281 517 426 556 idcirco
455 517 678 555 tardabatur
707 517 757 555 ad
786 516 1027 566 fugiendum,
1050 516 1224 566 itemque
1247 524 1404 567 propter
1429 515 1505 554 loci

181 582 449 621 difficultatem
476 595 604 631 neque
633 594 736 631 equo
762 595 891 631 neque
912 581 1092 619 vehiculo
1116 581 1229 619 saluti
1256 595 1348 619 suae
1369 580 1506 630 praesi-

181 645 290 684 dium
310 659 443 697 parare
463 653 624 696 poterat.
685 646 838 685 Caedes
857 659 880 682 a
901 645 1040 683 nostris
1070 645 1245 695 undique
1265 645 1506 684 administra-

181 710 303 748 batur.
360 712 576 751 †Exc1usa†
599 709 816 748 munitione
842 709 1072 759 amissisque
1100 709 1250 747 auxiliis
1277 711 1327 748 ad
1354 711 1506 747 conval-
1528 729 1542 749 2

179 776 257 813 lem
277 788 514 825 exesumque
540 776 672 813 locum
697 775 735 812 in
760 776 988 825 speluncam
1010 774 1222 824 Pompeius
1249 787 1290 813 se
1310 775 1506 813 occultare

124 854 162 876 10
179 839 320 890 coepit,
352 846 393 877 ut
422 853 445 877 a
472 837 613 877 nostris
643 852 722 877 non
753 838 864 877 facile
895 838 1131 877 inveniretur
1160 838 1233 877 nisi
1263 839 1504 889 captivorum

178 902 334 942 indicio.
397 905 456 941 Ita
482 902 536 942 ibi
563 902 800 941 interficitur.
861 904 963 942 Cum
986 904 1129 942 Caesar
1150 902 1327 941 Gadibus
1358 903 1502 950 fuisset,
1527 920 1543 949 3

180 966 377 1018 Hispalim
404 968 502 1019 prid.
536 969 594 1010 Id.
626 968 746 1018 April.
778 975 894 1018 caput
923 969 1083 1006 allatum
1118 974 1155 1006 et
1189 969 1336 1018 populo
1367 969 1503 1006 datum

177 1039 235 1070 est
254 1031 295 1070 in
314 1039 580 1081 conspectum.

233 1097 444 1135 Interfecto
468 1097 539 1136 Cn.
563 1096 754 1147 Pompeio
781 1097 1033 1135 adulescente
1062 1096 1213 1143 Didius,
1240 1110 1357 1147 quem
1387 1109 1503 1147 supra
1520 1109 1576 1147 40

121 1175 157 1207 15
177 1160 540 1209 demonstravimus,
575 1161 640 1199 illa
671 1163 848 1200 adfectus
886 1160 1031 1200 laetitia
1068 1161 1245 1212 proximo
1284 1175 1324 1200 se
1358 1161 1503 1212 recepit

177 1227 337 1265 castello
370 1239 449 1264 non
484 1228 688 1276 nullasque
721 1226 829 1264 navis
866 1227 917 1265 ad
952 1226 1206 1265 reficiendum
1246 1226 1431 1265 subduxit
1465 1233 1502 1265 et

177 1289 367 1340 †quodvis
387 1298 517 1329 essent
536 1290 764 1329 bracchium
788 1305 833 1330 ex
854 1291 1027 1341 utrisque
1051 1290 1259 1341 partibus†.
1326 1290 1500 1329 Lusitani
1524 1307 1537 1328 2

175 1353 244 1405 qui
262 1369 309 1393 ex
328 1369 459 1408 pugna
479 1357 750 1406 superfuerunt
769 1357 820 1394 ad
840 1355 993 1405 signum
1021 1368 1061 1394 se
1091 1363 1320 1405 receperunt
1342 1363 1379 1394 et
1399 1356 1501 1394 bene

176 1433 317 1469 magna
337 1434 454 1458 manu
475 1428 699 1470 comparata
718 1421 769 1459 ad
790 1420 954 1459 Didium
976 1434 1017 1458 se
1038 1427 1245 1470 reportant.
1302 1420 1409 1459 Huic
1430 1420 1501 1459 etsi
1522 1433 1539 1463 3

117 1498 157 1520 20
175 1497 255 1522 non
286 1485 419 1523 aberat
452 1485 652 1535 diligentia
682 1486 733 1523 ad
764 1484 871 1523 navis
903 1485 1080 1532 tuendas,
1114 1492 1245 1523 tamen
1277 1498 1357 1523 non
1391 1499 1500 1523 num-

174 1562 292 1598 quam
314 1563 361 1588 ex
387 1552 546 1588 castello
573 1558 729 1600 propter
759 1563 893 1588 eorum
923 1550 1077 1587 crebras
1102 1549 1348 1588 excursiones
1376 1549 1501 1588 elicie-

173 1614 296 1661 batur,
334 1621 372 1653 et
405 1614 460 1653 sic
498 1628 619 1664 prope
658 1614 864 1653 cotidianis
902 1613 1042 1664 pugnis
1082 1613 1241 1652 insidias
1275 1622 1427 1664 ponunt
1461 1622 1499 1653 et

173 1677 362 1728 tripertito
390 1678 500 1729 signa
527 1678 774 1718 distribuunt.
836 1680 956 1716 Erant
986 1678 1107 1729 parati
1136 1678 1203 1728 qui
1232 1678 1339 1717 navis
1369 1678 1498 1717 incen-
1517 1692 1537 1722 4

172 1743 319 1790 derent,
351 1742 598 1794 incensisque
627 1743 693 1794 qui
723 1743 942 1782 subsidium
977 1745 1231 1793 repellerent:
1270 1744 1310 1781 hi
1339 1743 1394 1782 sic
1423 1743 1497 1782 dis-

115 1822 152 1853 25
170 1807 286 1858 positi
307 1816 425 1856 erant,
448 1817 490 1847 ut
509 1822 532 1847 a
552 1810 660 1847 nullo
690 1840 696 1846 .
730 1840 736 1847 .
770 1840 776 1846 .
809 1815 1022 1859 conspectu
1052 1808 1229 1846 omnium
1253 1809 1303 1847 ad
1324 1821 1494 1858 pugnam

170 1874 426 1911 contendunt.
486 1874 546 1912 Ita
575 1886 665 1911 cum
695 1886 741 1911 ex
770 1875 929 1912 castello
952 1871 1092 1911 Didius
1119 1874 1169 1911 ad
1196 1874 1493 1922 propellendum
1515 1880 1532 1910 5

217 1985 228 2004 1
256 1976 415 2015 derigunt
432 1976 485 2009 D:
510 1976 660 2015 dirigunt
682 1976 756 2007 T'U
876 1978 897 2007 6
921 1976 1017 2008 saluti
1040 1977 1123 2007 UV:
1146 1975 1264 2007 salutis
1281 1975 1352 2006 DT
1474 1978 1494 2006 8

171 2017 318 2050 Exclusa
334 2018 391 2049 X:
415 2024 447 2050 et
465 2019 557 2050 clusa
573 2020 762 2050 lilommsen
779 2031 785 2050 :
809 2020 968 2051 exclusus
986 2020 1143 2050 Fleisclter
1242 2030 1263 2058 9
1287 2029 1493 2058 exesumque

170 2060 256 2092 codd.
274 2062 394 2102 Scalzg.
412 2067 441 2093 et
453 2062 563 2094 Petav.
582 2074 587 2092 :
613 2074 656 2093 ex
673 2074 710 2094 se
727 2073 868 2102 sumque
885 2062 941 2093 X:
965 2068 1065 2103 atque
1084 2073 1222 2094 exesum
1243 2063 1277 2093 U
1460 2063 1493 2093 in

169 2106 263 2136 λΔδε
295 2110 331 2136 ut
357 2107 389 2136 in
419 2106 469 2136 U:
498 2111 533 2136 ut
557 2105 595 2135 X
738 2106 876 2146 specula
903 2106 933 2136 V
1111 2117 1148 2145 13
1173 2110 1390 2146 conspectum
1414 2105 1494 2137 TU:

169 2155 352 2188 conspectu
369 2149 439 2179 DV
553 2160 589 2188 17
615 2150 755 2188 quodvis
773 2155 887 2180 essent
905 2161 970 2181 om.
987 2150 1022 2180 D
1112 2161 1154 2180 ex
1172 2150 1324 2189 utrisque
1344 2150 1493 2189 partibus

168 2202 232 2224 om.
256 2192 292 2222 T‘
379 2193 473 2224 verba
497 2194 639 2232 quodvis
658 2217 663 2223 .
684 2218 690 2224 .
712 2218 718 2225 .
740 2194 890 2232 partibus
914 2193 1066 2224 lacunosa
1086 2197 1185 2234 putat
1208 2193 1407 2234 Nipperdey:
1441 2192 1492 2224 de-

167 2240 246 2265 sunt
260 2235 293 2266 in
311 2235 381 2267 edd.
398 2241 468 2267 velt>
593 2247 630 2267 21
659 2237 853 2267 eliciebatur
873 2237 1040 2277 Glauciorp
1056 2249 1062 2267 τ
1087 2237 1270 2268 eiciebatur
1285 2236 1324 2266 X
1451 2247 1492 2266 22

168 2279 216 2309 sic
237 2279 288 2310 U:
311 2279 339 2309 si
356 2280 420 2310 cod.
440 2280 549 2310 Petav.
567 2291 573 2310 z
598 2291 664 2310 om.
681 2279 719 2309 X
815 2291 855 2319 24
870 2284 944 2320 post
959 2280 1142 2311 subsidium
1159 2281 1234 2311 add.
1253 2281 1380 2311 ferrent
1397 2280 1491 2320 Hqff-

170 2333 275 2353 mann
365 2323 569 2362 repellerent
588 2324 756 2363 Glandoq')
772 2336 777 2354 :
803 2328 996 2362 repeterent
1012 2322 1050 2353 X
1154 2334 1195 2364 25
1214 2328 1289 2365 post
1304 2324 1397 2355 nullo
1414 2323 1490 2354 add.

169 2365 317 2406 conspici
335 2371 473 2405 possent
488 2377 494 2404 ;
520 2366 639 2405 reliqui
656 2367 690 2396 in
708 2366 886 2408 Nipperdey
