1705 2729
457 156 530 192 DE
563 155 741 192 BELLO
772 154 980 193 AFRICO
1013 155 1180 191 LIBER

152 266 333 318 legioneS‚
368 273 456 317 post
490 279 554 304 eas
584 272 715 304 autem
748 264 942 303 Numidas
973 264 1012 302 in
1047 264 1278 303 subsidiaria
1310 264 1393 303 acie
1424 265 1476 303 ita

151 338 379 369 extenuatos
408 338 446 368 et
474 330 514 368 in
544 329 829 380 longitudinem
863 329 1040 367 derectos
1072 336 1113 366 ut
1144 330 1278 378 procul
1313 328 1476 378 simplex

150 409 235 434 esse
253 395 356 433 acies
377 394 508 433 media
530 394 580 432 ab
607 393 825 444 legionariis
855 392 1042 431 militibus
1063 393 1257 431 videretur
1279 391 1333 445 [in
1355 392 1476 430 corni-

150 460 223 498 bus
249 467 380 497 autem
409 460 555 508 duplex
583 471 668 496 esse
697 455 1016 509 existimabatur]
1075 458 1319 507 Elephantos
1340 457 1475 495 dextro
1498 465 1514 495 3

112 538 130 569 5
150 523 383 573 sinistroque
403 537 525 561 cornu
545 524 802 561 collocaverat
821 521 1051 571 aequalibus
1071 521 1170 559 inter
1186 535 1252 559 eos
1267 521 1475 559 intervallis

149 587 368 633 interiectis,
392 594 480 637 post
503 594 635 625 autem
662 587 892 636 elephantos
915 592 1128 624 armaturas
1152 585 1246 624 levis
1267 585 1476 624 Numidas-

149 665 226 701 que
244 651 437 690 auxiliaris
458 650 718 689 substituerat.
780 650 1009 700 Equitatum
1036 651 1229 688 frenatum
1251 649 1473 688 universum
1496 665 1515 695 4

149 715 188 753 in
227 729 298 754 suo
336 717 472 754 dextro
510 728 632 753 cornu
669 714 937 764 disposuerat:
981 713 1178 752 sinistrum
1213 713 1318 752 enim
1352 727 1474 752 cornu

149 780 297 830 oppido
327 779 459 819 Uzitta
491 779 747 817 claudebatur
784 791 914 828 neque
952 786 1031 816 erat
1071 778 1239 828 spatium
1279 778 1474 827 equitatus

91 863 130 885 10
148 843 378 893 explicandi.
449 844 652 881 Praeterea
700 842 895 881 Numidas
942 842 1115 892 levisque
1159 850 1376 881 armaturae
1421 843 1475 880 in·
1495 856 1511 886 5

147 907 297 945 finitam
331 907 622 946 multitudinem
661 908 712 946 ad
751 908 926 945 dextram
965 915 1114 957 partem
1154 920 1246 945 suae
1279 906 1376 945 aciei
1409 920 1475 956 op-

146 979 328 1021 posuerat
357 973 436 1010 fere
467 971 670 1010 interiecto
701 985 782 1010 non
822 971 950 1009 minus
989 971 1093 1009 mille
1128 985 1314 1021 passuum
1348 971 1474 1020 spatio

146 1043 185 1074 et
214 1037 265 1074 ad
296 1036 406 1074 collis
437 1036 587 1075 radices
618 1036 740 1086 magis
769 1037 972 1086 appulerat
1001 1035 1234 1085 longiusque
1263 1036 1313 1074 ab
1343 1036 1475 1074 adver-

147 1100 334 1139 sariorum
373 1100 532 1150 suisque
570 1100 693 1150 copiis
731 1100 1000 1150 promovebat,
1036 1100 1076 1138 id
1111 1101 1186 1138 hoc
1221 1099 1384 1138 consilio
1419 1108 1470 1147 ut,

89 1177 127 1209 15
146 1178 237 1204 cum
274 1165 378 1204 acies
416 1166 519 1204 duae
557 1164 656 1203 inter
694 1178 735 1203 se
768 1164 1066 1211 concurrissent,
1102 1164 1213 1203 initio
1253 1164 1473 1203 certaminis

146 1231 264 1280 paulo
302 1229 454 1279 longius
493 1229 575 1267 eius
617 1229 813 1279 equitatus
855 1228 1138 1267 circumvectus
1178 1242 1224 1267 ex
1262 1228 1473 1278 improviso

146 1295 343 1332 clauderet
370 1293 622 1332 multitudine
652 1307 722 1332 sua
750 1293 962 1332 exercitum
984 1293 1161 1333 Caesaris
1187 1300 1305 1343 atque
1330 1301 1473 1343 pertur—

145 1359 281 1396 batum
310 1358 445 1397 iaculis
473 1359 696 1409 configeret.
758 1360 872 1397 Haec
901 1358 973 1396 fuit
999 1358 1096 1396 ratio
1116 1358 1310 1408 Scipionis
1335 1371 1382 1396 eo
1409 1358 1472 1397 die

144 1423 372 1474 proeliandi.

88 1502 127 1525 20
199 1487 376 1527 Caesaris
413 1495 546 1527 autem
584 1488 688 1526 acies
727 1489 805 1527 hoc
844 1488 965 1526 modo
1004 1486 1075 1525 fuit
1112 1488 1315 1534 collocata,
1349 1494 1390 1525 ut
1421 1488 1471 1526 ab
1492 1491 1549 1529 60

145 1551 299 1590 sinistro
319 1552 402 1590 eius
422 1564 544 1591 cornu
564 1552 693 1591 ordiar
713 1560 751 1591 et
770 1553 822 1591 ad
842 1553 1021 1590 dextrum
1039 1551 1274 1601 perveniam.
1318 1551 1471 1590 Habuit

145 1616 339 1666 legionem
359 1628 398 1654 x.
415 1629 517 1655 V1111.
540 1616 580 1654 in
601 1616 756 1655 sinistro
776 1630 910 1663 cornu,
927 1628 1039 1662 xxv„
1055 1628 1233 1663 xxv1111.‚
1252 1628 1356 1663 xm„
1372 1628 1468 1663 xlv„

144 1692 306 1728 xxvm„
328 1692 441 1718 XXVI.
464 1680 504 1718 in
525 1681 656 1719 media
674 1680 769 1719 acie.
828 1683 951 1721 †Fere
980 1680 1108 1730 ipsum
1139 1682 1318 1719 dextrum
1348 1694 1470 1719 cornu
1493 1699 1506 1721 2

144 1746 359 1783 secundam
396 1752 527 1783 autem
566 1745 692 1783 aciem
734 1746 813 1784 fere
851 1745 890 1782 in
929 1758 1061 1783 earum
1100 1745 1297 1794 legionum
1338 1750 1470 1795 parte†

87 1826 124 1859 25
143 1809 365 1847 cohortium
410 1811 677 1856 collocaverat,
718 1817 917 1860 praeterea
964 1823 1010 1847 ex
1058 1809 1227 1848 tironum
1275 1799 1470 1849 adiecerat

143 1886 297 1923 paucas.
356 1873 529 1911 Tertiam
562 1881 693 1911 autem
724 1873 850 1912 aciem
885 1873 924 1911 in
962 1873 1160 1912 sinistrum
1199 1887 1313 1912 suum
1348 1888 1470 1912 cornu
1492 1892 1508 1921 p,

143 1939 360 1976 contulerat
384 1945 423 1976 et
447 1951 570 1988 usque
598 1939 649 1976 ad
675 1938 773 1976 aciei
801 1952 893 1976 suae
922 1938 1094 1977 mediam
1123 1938 1317 1988 legionem
1343 1952 1469 1988 porre-

143 2010 248 2041 xerat
263 2010 301 2041 et
316 2002 369 2041 ita
384 2004 641 2042 collocaverat
654 2003 709 2041 uti
723 2003 920 2041 sinistrum
937 2017 1050 2041 suum
1069 2016 1190 2042 cornu
1204 2011 1304 2042 esset
1320 2003 1467 2054 triplex.

190 2116 203 2136 1
230 2110 304 2144 post
321 2116 378 2136 eas
394 2106 574 2147 Nipperdey
589 2118 596 2137 ε
621 2111 739 2146 postea
755 2106 793 2136 X
921 2118 941 2137 2
965 2108 1121 2138 derectos
1142 2107 1182 2138 U'
1199 2119 1205 2138 :
1237 2108 1384 2139 directos
1401 2113 1466 2141 cett.

143 2159 163 2187 3
187 2149 220 2178 in
238 2173 244 2179 .
266 2173 272 2179 .
293 2174 299 2180 .
317 2150 573 2180 existimabatur
589 2149 648 2180 del.
665 2149 844 2190 Nipperdey
957 2153 978 2181 6
1002 2156 1186 2182 armaturas
1206 2152 1392 2192 (armatura
1413 2152 1468 2191 U‘)

142 2193 235 2222 leves
251 2191 289 2221 X
417 2204 458 2223 22
483 2203 514 2224 x.
535 2203 624 2224 VIIII.
644 2193 846 2234 Nipperdey:
878 2204 956 2224 V1111
975 2204 1039 2224 vm
1058 2194 1157 2225 DT‘:
1190 2205 1268 2225 V1111
1293 2200 1327 2225 et
1347 2205 1410 2225 vm
1429 2194 1470 2224 L'

144 2234 286 2275 xxvnn]
304 2245 388 2266 xxxx
401 2235 429 2265 L
447 2247 453 2267 :
479 2246 589 2267 xxvm
606 2236 731 2267 DU‘T‘
851 2247 893 2276 23
918 2247 1030 2268 xxvm
1042 2237 1224 2268 DLWT‘:
1250 2248 1375 2268 xxvnn
1393 2238 1475 2269 U¹F

145 2279 231 2309 Fere
253 2278 301 2309 T:
332 2290 398 2311 om.
427 2283 491 2311 cett.
583 2280 620 2310 In
641 2291 702 2311 suo
725 2285 836 2311 autem
862 2282 981 2311 dextro
1013 2291 1113 2311 cornu
1146 2292 1188 2311 ex
1221 2282 1369 2312 secunda
1397 2283 1469 2312 acie

142 2327 380 2352 veteranarum
398 2323 568 2362 legionum
590 2328 719 2362 partem
741 2322 918 2364 Nipperdey
1045 2335 1085 2362 24
1110 2325 1294 2355 secundum
1312 2325 1416 2355 aciem
1434 2325 1470 2355 D

145 2365 214 2395 fere
242 2366 273 2395 in
300 2376 415 2396 earum
440 2364 496 2397 X:
537 2371 772 2397 veteranarum
799 2366 1000 2406 Oudendorp
1112 2372 1240 2407 partem
1264 2373 1285 2397 λ
1426 2370 1469 2398 26

145 2409 316 2439 sinistrum
328 2419 422 2439 suum
435 2408 503 2440 edd.
521 2421 528 2440 τ
544 2410 671 2440 sinistri
683 2410 733 2439 sui
748 2409 784 2438 X
844 2420 967 2440 cornus
979 2409 1055 2440 DT'
1140 2412 1181 2440 28
1198 2416 1288 2441 esset
1300 2415 1336 2441 λς
1354 2422 1417 2442 om.
1434 2409 1472 2440 X
