1705 2729
73 835 109 857 10

66 1478 106 1500 20

65 2125 104 2155 30

452 131 525 168 DE
557 130 737 167 BELLO
768 130 944 167 CIVILI
976 130 1077 166 LIB.
1113 131 1129 166 I

130 245 349 289 consulum,
370 242 574 280 necessarii
598 242 760 291 Pompei
781 249 898 290 atque
915 255 1049 279 eorum
1071 242 1136 291 qui
1158 251 1305 281 veteres
1326 243 1449 280 inimi—

130 308 237 346 citias
258 321 346 345 cum
369 308 536 346 Caesare
556 307 741 356 gerebant
769 306 807 343 in
835 314 1013 344 senatum
1035 315 1250 356 coguntur3
1280 321 1446 357 quorum
1468 322 1484 352 5

129 372 289 411 vocibus
305 379 342 410 et
358 384 551 409 concursu
568 378 756 409 terrentur
772 370 1012 418 infirmiores,
1029 372 1138 410 dubii
1156 373 1445 418 confirmantur,

129 435 323 486 plerisque
354 448 444 473 vero
479 435 598 472 libere
633 434 871 473 decernendi
901 442 1074 485 potestas
1108 436 1276 485 eripitur.
1337 436 1487 474 Polli-6

128 508 236 538 cetur
283 501 324 537 L.
367 498 457 537 Piso
505 512 643 537 censor
685 512 769 537 sese
814 499 956 537 iturum
998 501 1049 538 ad
1094 501 1314 547 Caesarem,
1356 500 1448 539 item

129 566 171 601 L.
197 563 362 601 Roscius
383 571 545 612 praetor,
571 563 637 612 qui
657 564 707 601 de
728 563 786 600 his
808 564 923 601 rebus
945 577 1033 601 eum
1056 565 1249 611 doceant,
1279 578 1344 602 sex
1365 565 1449 602 dies

127 630 177 667 ad
198 642 283 666 eam
304 641 384 666 rem
406 627 693 666 conficiendam
715 628 814 678 spati
836 630 1045 678 postulant.
1107 628 1302 667 Dicuntur
1331 629 1447 667 etiam
1472 638 1486 669 7

126 693 176 731 ab
203 706 283 730 non
310 692 425 729 nullis
453 692 678 738 sententiae,
712 700 753 730 ut
783 693 898 741 legati
924 694 976 731 ad
1004 694 1214 732 Caesarem
1247 693 1449 732 mittantur

127 757 193 807 qui
213 758 453 794 voluntatem
475 764 631 794 senatus
653 756 687 794 ei
708 765 940 806 proponant.

182 820 376 859 Omnibus
419 820 478 857 his
535 820 721 858 resistitur
772 821 1037 871 omnibusque
1089 822 1213 861 oratio
1262 824 1444 869 consulis,
1466 832 1491 868 4

127 885 329 935 Scipionis,
355 885 516 924 Catonis
541 885 761 934 opponitur.
822 886 1015 924 Catonem
1043 894 1191 925 veteres
1222 887 1448 926 inimicitiae

128 950 304 989 Caesaris
334 950 497 988 incitant
526 957 563 988 et
593 951 706 988 dolor
735 952 921 1000 repulsae.
984 953 1174 989 Lentulus
1203 952 1301 990 aeris
1331 953 1445 990 alieni
1470 970 1484 991 2

127 1015 394 1064 magnitudine
429 1023 466 1053 et
500 1028 568 1064 spe
602 1015 791 1053 exercitus
829 1029 874 1053 ac
913 1016 1199 1065 provinciarum
1238 1025 1276 1055 et
1314 1031 1446 1067 regum

125 1082 447 1130 appellandorum
488 1080 756 1130 largitionibus
795 1089 973 1119 movetur
1010 1095 1131 1130 seque
1163 1084 1327 1120 alterum
1368 1084 1448 1120 fore

125 1147 272 1183 Sullam
300 1145 399 1182 inter
426 1158 516 1182 suos
536 1144 728 1194 gloriatur,
752 1146 802 1183 ad
827 1158 945 1194 quem
970 1158 1123 1184 summa
1143 1146 1281 1196 imperi
1303 1149 1445 1186 redeat.

125 1210 348 1260 Scipionem
370 1211 509 1248 eadem
526 1223 613 1259 spes
630 1210 852 1259 provinciae
872 1218 990 1261 atque
1011 1211 1249 1249 exercituum
1271 1212 1444 1262 impellit,
1470 1227 1486 1256 3,

124 1288 222 1324 quos
257 1288 298 1313 se
331 1288 400 1324 pro
432 1274 722 1313 necessitudine
751 1274 979 1324 partiturum
1011 1289 1101 1313 curn
1136 1277 1325 1326 Pompeio
1351 1277 1447 1315 arbi-

123 1346 252 1385 tratur,
289 1339 403 1377 simul
437 1338 670 1377 iudiciorum
706 1347 843 1386 metus,
879 1339 1053 1378 adulatio
1086 1348 1206 1390 atque
1238 1342 1447 1380 ostentatio

125 1402 183 1441 sui
200 1411 237 1441 et
253 1403 483 1453 potentium,
504 1403 571 1453 qui
592 1403 630 1440 in
652 1416 691 1441 re
707 1404 865 1452 publica
885 1404 1117 1454 iudiciisque
1132 1412 1214 1443 tum
1234 1406 1445 1455 plurimum

124 1468 334 1517 pollebant.
397 1469 487 1517 Ipse
522 1467 744 1517 Pompeius,
781 1468 830 1506 ab
861 1467 1027 1506 inimicis
1058 1469 1235 1508 Caesaris
1266 1469 1446 1508 incitatus
1467 1487 1483 1516 4

124 1539 161 1569 et
182 1533 289 1581 quod
316 1532 514 1570 neminem
537 1531 725 1581 dignitate
745 1545 878 1570 secum
904 1533 1108 1582 exaequari
1130 1534 1296 1579 volebat,
1320 1542 1445 1572 totum

124 1609 164 1633 se
191 1596 240 1634 ab
268 1595 349 1634 eius
376 1596 548 1635 amicitia
574 1604 763 1635 averterat
790 1605 827 1635 et
854 1610 943 1634 cum
972 1597 1249 1636 communibus
1280 1598 1446 1636 inimicis

124 1659 162 1697 in
200 1661 361 1710 gratiam
401 1661 576 1708 redierat,
614 1675 780 1716 quo-rum
821 1661 904 1710 ipse
944 1662 1152 1700 maximam
1192 1670 1340 1711 partem
1380 1663 1446 1701 illo

122 1725 333 1763 adfinitatis
363 1732 539 1775 tempore
568 1725 785 1764 iniunxerat
807 1726 992 1773 Caesari,
1021 1726 1136 1764 simul
1167 1726 1325 1765 infamia
1355 1729 1446 1765 dua·
1465 1744 1482 1773 5

123 1802 207 1826 rum
229 1789 426 1838 legionum
448 1797 659 1839 permotus,
683 1804 778 1839 quas
799 1791 849 1828 ab
871 1790 1007 1828 itinere
1028 1790 1145 1828 Asiae
1167 1791 1375 1840 Syriaeque
1395 1793 1445 1829 ad

123 1866 232 1891 suam
262 1854 477 1904 potentiam
509 1855 837 1904 dominatumque
866 1863 1119 1902 converterat,
1150 1869 1229 1894 rem
1260 1857 1310 1894 ad
1339 1870 1445 1894 arma

122 1919 265 1957 deduci
294 1920 487 1958 studebat.

177 1983 252 2021 His
273 1985 323 2022 de
344 1984 469 2022 causis
489 1991 656 2033 aguntur
675 1983 809 2022 omnia
835 1984 975 2034 raptim
996 1992 1114 2034 atque
1135 1986 1297 2024 turbate.
1358 1987 1443 2023 Nec
1462 1989 1486 2026 5

121 2048 291 2086 docendi
313 2049 489 2087 Caesaris
510 2049 739 2099 propinquis
760 2049 843 2087 eius
864 2049 1031 2099 spatium
1054 2051 1167 2087 datur
1188 2064 1260 2088 nec
1281 2050 1444 2087 tribunis

122 2113 246 2161 plebis
281 2113 339 2151 sui
375 2114 534 2163 periculi
569 2114 806 2164 deprecandi
842 2128 971 2164 neque
1006 2115 1122 2153 etiam
1159 2115 1317 2152 extremi
1354 2115 1444 2152 iuris

122 2176 399 2216 intercessione
433 2178 637 2224 retinendi,
675 2179 782 2227 quod
816 2180 857 2216 L.
893 2180 999 2216 Sulla
1031 2178 1247 2228 reliquerat,
1282 2180 1443 2216 facultas

167 2289 205 2310 10
229 2280 350 2320 oratio]
369 2282 513 2321 spathan
532 2281 678 2311 undecim
697 2282 878 2311 litterarum
895 2283 928 2312 in
954 2293 1072 2311 rasura
1094 2282 1124 2311 T
1233 2284 1270 2312 18
1295 2282 1442 2312 adulatio

121 2327 233 2395 ειὲῗῖῗ
255 2322 308 2352 X:
349 2324 494 2354 adulatio
518 2328 593 2364 pos!
621 2330 654 2355 et
685 2324 847 2354 Viellmber
986 2326 1027 2355 28
1053 2326 1171 2364 raptim
1201 2325 1281 2355 EVr
1319 2326 1441 2364 ruptim

1320 2422 1356 2451 1*
