1705 2729
602 142 645 180 C.
681 142 795 179 IVLI
828 142 1096 180 CAESARIS

189 252 359 303 spicatac
398 266 526 302 neque
568 252 653 290 illos
697 265 768 290 suo
810 253 980 290 adventu
1025 253 1254 290 confirmare
1302 260 1511 302 potuerunt

151 334 165 355 2
189 329 317 366 neque
344 316 450 366 ipsae
478 316 649 355 hostium
678 315 867 366 impetum
896 318 1075 354 tulerunt.
1138 318 1276 367 Itaque
1297 318 1512 367 quodcum-

188 394 264 430 que
299 381 518 419 addebatur
551 380 738 427 subsidio,
774 381 814 419 id
849 389 1073 431 corruptum
1109 380 1247 420 timore
1281 381 1511 431 fugientium

189 451 371 483 terrorem
394 452 431 483 et
452 444 667 494 periculum
689 445 881 495 augebat,
910 445 1114 483 hominum
1137 444 1240 483 enim
1264 445 1512 484 multitudine

150 517 167 548 3
188 516 366 559 receptus
397 509 693 559 impediebatur.
756 511 800 547 In
832 523 880 548 eo
915 510 1062 559 proelio
1093 523 1183 548 cum
1217 509 1320 559 gravi
1354 511 1512 548 vulnere
1533 521 1549 552 5

188 580 288 612 esset
315 574 493 612 adfectus
522 573 700 624 aquilifer
726 581 763 612 et
783 587 806 611 a
826 573 970 612 viribus
1000 574 1239 619 deficeretur,
1264 573 1511 623 conspicatus

188 637 337 688 equites
369 645 531 684 nostros,
568 640 710 677 ‘Hanc
740 640 836 689 ego,'
866 638 1002 688 inquit,
1038 641 1099 676 ‘et
1128 637 1236 676 vivus
1268 639 1412 676 multos
1445 651 1513 687 per

186 715 311 741 annos
333 715 474 752 magna
494 702 695 752 diligentia
715 702 875 741 defendi
896 710 933 740 et
956 716 1059 740 nunc
1081 702 1250 740 moriens
1272 702 1410 740 eadem
1435 702 1512 739 fide

187 766 345 805 Caesari
376 765 545 804 restituo.
607 766 748 813 Nolite,
782 767 957 813 obsecro,
993 766 1247 812 committere,
1280 766 1388 816 quod
1421 773 1512 803 ante

187 830 225 867 in
261 829 429 868 exercitu
461 830 638 870 Caesaris
673 844 753 869 non
782 830 934 877 accidit,
967 837 1009 868 ut
1043 830 1096 868 rei
1131 829 1304 868 militaris
1338 830 1511 868 dedecus
1535 846 1573 868 10

149 911 167 940 4
186 893 423 940 admittatur,
467 894 785 944 incolumemque
823 896 873 933 ad
913 908 1003 933 eum
1042 896 1213 933 deferte.'
1289 896 1381 933 Hoc
1420 908 1512 932 casu

187 958 316 1009 aquila
349 966 599 997 conservatur
627 959 811 997 omnibus
841 959 988 1009 primae
1018 959 1188 997 cohortis
1218 958 1512 998 centurionibus

188 1023 397 1062 interfectis
420 1032 570 1074 praeter
590 1023 806 1074 principem
827 1024 1005 1074 priorem.

114 1085 169 1133 65
243 1090 408 1139 Iamque
432 1089 661 1138 Pompeiani
692 1102 832 1138 magna
857 1090 978 1127 caede
1005 1097 1226 1128 nostrorum
1257 1089 1389 1128 castris
1412 1091 1513 1127 Mar-

187 1153 315 1192 cellini
337 1153 706 1203 appropinquabant
734 1167 812 1192 non
842 1153 1028 1192 mediocri
1051 1161 1193 1192 terrore
1214 1154 1334 1192 inlato
1355 1152 1510 1203 reliquis
1534 1168 1570 1200 15

186 1217 423 1264 cohortibus,
462 1225 499 1255 et
534 1219 588 1255 M.
622 1217 827 1265 Antonius,
861 1217 927 1268 qui
962 1218 1180 1268 proximum
1210 1220 1341 1257 locum
1374 1216 1512 1267 praesi-

186 1282 340 1321 diorum
372 1282 540 1328 tenebat,
564 1295 608 1320 ea
635 1296 674 1320 re
703 1282 879 1321 nuntiata
906 1296 995 1321 cum
1023 1283 1250 1321 cohortibus
1271 1295 1331 1320 xil
1353 1283 1512 1320 descen-

186 1348 283 1386 dens
314 1361 360 1385 ex
388 1348 477 1385 loco
507 1346 704 1396 superiore
734 1348 973 1386 cernebatur.
1034 1347 1156 1387 Cuius
1186 1349 1377 1386 adventus
1399 1348 1512 1385 Pom-

186 1412 347 1462 peianos
382 1410 612 1460 compressit
646 1419 878 1461 nostrosque
910 1412 1085 1459 firmavit,
1119 1420 1161 1450 ut
1192 1425 1233 1450 se
1264 1426 1310 1451 ex
1341 1411 1511 1449 maximo

151 1491 165 1512 2
187 1477 325 1515 timore
346 1475 581 1526 colligerent.
642 1477 783 1526 Neque
803 1478 927 1515 multo
955 1485 1043 1526 post
1063 1478 1208 1516 Caesar
1227 1476 1511 1526 significatione
1533 1489 1571 1512 20

187 1555 254 1591 per
280 1542 438 1579 castella
465 1541 574 1579 fumo
598 1542 708 1587 facta,
732 1548 774 1579 ut
801 1548 880 1579 erat
910 1541 1116 1591 superioris
1144 1540 1329 1591 temporis
1351 1553 1512 1579 consue-

187 1607 293 1652 tudo,
327 1604 507 1644 deductis
538 1604 775 1654 quibusdam
805 1605 1032 1644 cohortibus
1063 1620 1109 1644 ex
1138 1605 1338 1655 praesidiis
1369 1606 1510 1643 eodem

150 1682 167 1712 3
187 1670 301 1709 venit.
363 1669 442 1718 Qui
469 1669 627 1719 cognito
657 1669 893 1708 detrimento
922 1683 1012 1708 cum
1041 1669 1377 1708 animadvertisset
1398 1671 1511 1707 Pom-

186 1735 319 1784 peium
340 1740 444 1772 extra
466 1733 704 1772 munitiones
729 1748 938 1784 egressum,
961 1735 1180 1773 secundum
1201 1747 1306 1772 mare
1327 1740 1369 1772 ut
1388 1733 1509 1771 libere

186 1797 362 1848 pabulari
395 1805 528 1848 posset
562 1811 635 1836 nec
667 1798 795 1836 minus
824 1798 975 1837 aditum
1006 1797 1171 1836 navibus
1202 1798 1375 1844 haberet,
1405 1810 1509 1835 corn-
1530 1811 1568 1843 25

188 1870 335 1901 mutata
373 1861 521 1900 ratione
559 1862 661 1909 belli,
695 1862 883 1912 quoniam
917 1862 1162 1913 propositum
1200 1875 1281 1900 non
1319 1869 1505 1907 tenuerat,

187 1934 310 1965 castra
329 1926 434 1964 iuxta
456 1926 689 1977 Pompeium
711 1926 863 1965 munire
883 1926 1001 1965 iussit.

109 1992 167 2029 66
241 1992 330 2039 Qua
350 1992 521 2041 perfecta
548 1990 766 2029 munitione
794 1990 1109 2029 animadversum
1136 1997 1194 2029 est
1221 1991 1272 2029 ab
1296 1991 1511 2040 speculato-

186 2055 291 2094 ribus
313 2054 489 2095 Caesaris
514 2055 685 2094 cohortis
715 2056 916 2105 quasdam,
944 2056 1052 2104 quod
1078 2054 1198 2093 instar
1223 2054 1386 2104 legionis
1405 2053 1510 2092 vide-

149 2132 166 2154 2
187 2128 298 2167 retur,
323 2133 406 2158 esse
427 2127 516 2170 post
542 2120 677 2158 silvam
703 2126 741 2158 et
766 2119 806 2158 in
826 2127 956 2158 vetera
975 2127 1100 2157 castra
1119 2118 1221 2157 duci.
1281 2120 1507 2157 Castrorum
1529 2131 1568 2162 30

186 2184 250 2223 hic
270 2184 364 2222 situs
385 2191 487 2223 erat:
517 2184 781 2234 superioribus
801 2184 941 2222 diebus
962 2197 1068 2222 nona
1087 2182 1263 2223 Caesaris
1284 2182 1394 2232 legio,
1418 2196 1507 2220 cum

229 2297 249 2326 3
272 2287 408 2318 subsidii
430 2287 511 2327 VO)
639 2298 677 2317 10
701 2287 853 2317 exercitu
870 2286 953 2317 EV:
979 2286 1131 2316 exercitu
1147 2284 1260 2315 DL'T
1353 2286 1395 2315 26
1416 2286 1509 2316 verba

187 2335 297 2361 castra
313 2331 499 2361 secundum
517 2340 609 2361 mare
626 2341 708 2370 qnae
718 2334 794 2370 post
808 2340 980 2369 egressum
1003 2329 1120 2359 liabent
1135 2328 1247 2359 codices
1263 2332 1338 2369 post
1352 2333 1508 2360 tenuerat

187 2374 327 2414 reposuit
341 2373 517 2414 Nipperdey
531 2384 538 2405 ε
571 2373 831 2404 Forcltlzanmzer
842 2376 969 2403 secutus
983 2383 1060 2402 sum
