1705 2729
495 122 570 158 DE
601 121 781 159 BELLO
811 121 989 159 CIVILI
1021 122 1123 159 LIB.
1158 123 1175 159 Ι

173 229 455 276 difficillimum,
494 243 573 280 quo
611 244 738 280 neque
774 232 967 270 frumenta
1001 231 1041 269 in
1077 231 1248 270 hibernis
1287 241 1394 271 erant
1432 247 1494 272 ne-

173 309 250 345 que
280 295 445 332 multum
474 308 497 332 a
527 294 746 333 maturitate
775 296 947 343 aberant,
979 309 1026 334 ac
1055 295 1228 334 civitates
1264 297 1491 343 exinanitae,

173 359 281 408 quod
315 358 496 396 Afranius
528 372 652 408 paene
684 373 802 397 omne
833 361 1072 399 frumentum
1104 368 1194 398 ante
1225 361 1401 400 Caesaris
1430 362 1495 400 ad-

172 430 332 461 ventum
363 424 532 460 Ilerdam
562 431 803 470 convexerat,
834 424 970 474 reliqui
1000 424 1031 462 si
1061 424 1156 474 quid
1186 426 1318 472 fuerat,
1352 427 1495 465 Caesar

135 495 152 526 5
173 485 435 535 superioribus
456 485 594 524 diebus
615 495 911 536 consumpserat
927 502 936 534 3
965 500 1116 537 pecora,
1141 489 1249 537 quod
1275 489 1492 526 secundum
1514 492 1532 522 6

172 557 323 600 poterat
353 563 437 588 esse
465 549 583 600 inope
612 564 653 588 re
681 551 910 599 subsidium,
943 559 1100 602 propter
1129 552 1276 590 bellum
1307 551 1494 590 finitimae

172 614 346 652 civitates
389 614 540 664 longius
579 623 832 654 removerant.
912 616 991 664 Qui
1030 623 1138 654 erant
1176 616 1391 666 pabulandi
1429 623 1494 654 aut
1517 625 1533 657 7

173 678 436 717 frumentandi
466 692 583 717 causa
611 680 812 729 progressi,
846 681 917 718 hos
947 680 1041 719 levis
1070 688 1287 719 armaturae
1318 680 1493 718 Lusitani

173 742 363 792 peritique
383 756 515 781 earum
536 743 739 793 regionum
760 744 917 782 caetrati
945 744 1131 783 citerioris
1160 744 1378 794 Hispaniae
1405 759 1495 783 con-

116 817 155 839 10
172 807 444 855 sectabantur,
491 807 633 858 quibus
672 816 752 847 erat
790 809 960 858 proclive
999 816 1149 847 tranare
1188 810 1345 855 flumen,
1387 810 1494 858 quod

172 873 418 910 consuetudo
438 885 574 911 eorum
595 872 772 912 omnium
793 881 851 912 est
871 881 913 912 ut
934 873 1017 912 sine
1037 873 1187 912 utribus
1207 875 1258 912 ad
1283 873 1492 912 exercitum

171 950 252 975 non
272 944 371 975 eant.

224 1002 278 1038 At
315 1000 504 1039 exercitus
543 1001 677 1040 Afrani
719 1001 896 1040 omnium
935 1015 1061 1040 rerum
1099 1002 1328 1040 abundabat
1366 1002 1488 1052 copia.
1511 1007 1567 1044 49

173 1066 347 1103 Multum
371 1073 451 1104 erat
474 1067 711 1104 frumentum
742 1066 940 1116 provisum
967 1074 1005 1104 et
1032 1074 1265 1105 convectum
1293 1066 1493 1116 superiori-

114 1140 153 1172 15
173 1130 245 1169 bus
266 1130 517 1180 temporibus,
542 1132 707 1169 multum
729 1145 775 1169 ex
795 1131 903 1169 omni
924 1131 1123 1180 provincia
1150 1132 1467 1181 comportabatur
1484 1146 1494 1178 3

173 1208 313 1244 magna
346 1195 459 1244 copia
493 1195 626 1245 pabuli
661 1196 903 1245 suppetebat.
966 1198 1119 1233 Harum
1154 1195 1331 1234 omnium
1366 1209 1492 1234 rerum
1517 1212 1530 1232 2

172 1261 373 1298 facultates
395 1259 477 1298 sine
497 1261 578 1298 ullo
598 1260 771 1310 periculo
798 1274 897 1310 pons
927 1262 1078 1299 Ilerdae
1105 1261 1317 1309 praebebat
1344 1268 1381 1299 et
1408 1262 1494 1299 loca

172 1332 275 1363 trans
296 1326 443 1362 flumen
463 1323 620 1374 integra,
645 1338 724 1374 quo
745 1324 908 1364 omnino
929 1326 1073 1364 Caesar
1092 1325 1199 1364 adire
1219 1339 1299 1363 non
1320 1333 1480 1375 poterat.

115 1380 138 1413 ῥ’
226 1391 316 1427 Hae
351 1396 646 1439 permanserunt
679 1403 804 1438 aquae
833 1389 917 1428 dies
951 1389 1171 1439 compluris.
1232 1391 1407 1429 Conatus
1437 1397 1494 1428 est
1513 1397 1567 1436 5ο

115 1466 153 1488 20
172 1454 316 1493 Caesar
342 1455 499 1492 reficere
526 1453 666 1503 pontis,
691 1455 759 1492 sed
787 1467 860 1492 nec
887 1454 1117 1504 magnitudo
1143 1454 1314 1493 fluminis
1341 1455 1495 1504 permit-

172 1519 278 1557 tebat
316 1532 444 1569 neque
478 1519 529 1557 ad
563 1518 685 1568 ripam
725 1518 936 1568 dispositae
971 1520 1151 1558 cohortes
1185 1519 1493 1558 adversariorum

171 1582 304 1633 perfici
342 1582 614 1633 patiebantur,
657 1584 764 1633 quod
798 1583 871 1621 illis
905 1583 1112 1633 prohibere
1143 1591 1223 1621 erat
1256 1583 1368 1622 facile
1402 1597 1492 1622 cum
1516 1597 1530 1618 2

171 1646 291 1698 ipsius
312 1647 482 1686 fluminis
512 1656 649 1686 natura
675 1655 793 1697 atque
819 1661 945 1698 aquae
972 1647 1250 1698 magnitudine,
1275 1655 1357 1686 tum
1385 1649 1493 1698 quod

171 1726 218 1750 ex
250 1712 341 1750 totis
372 1712 462 1762 ripis
496 1712 536 1750 in
568 1726 690 1751 unum
723 1720 842 1762 atque
871 1719 1079 1761 angustum
1114 1713 1244 1750 locum
1276 1714 1352 1750 tela
1382 1712 1493 1751 iacie-

114 1789 151 1822 25
171 1777 313 1815 bantur
326 1791 336 1825 3
383 1785 500 1827 atque
539 1785 618 1815 erat
657 1777 813 1816 difficile
851 1778 992 1815 eodem
1032 1784 1207 1827 tempore
1245 1776 1529 1827 rapidissimo3

171 1841 332 1881 flumine
352 1855 470 1892 opera
490 1843 674 1892 perficere
694 1850 732 1881 et
752 1843 828 1880 tela
848 1841 976 1880 vitare.

225 1906 436 1945 Nuntiatur
456 1907 618 1945 Afranio
639 1921 801 1957 magnos
829 1914 1082 1954 commeatus,
1106 1907 1173 1957 qui
1199 1906 1270 1946 iter
1293 1907 1492 1945 habebant
1511 1914 1555 1950 51

171 1972 222 2009 ad
243 1973 461 2019 Caesarem,
484 1972 535 2010 ad
556 1973 702 2010 flumen
724 1971 954 2010 constitisse.
1014 1973 1213 2010 Venerant
1238 1984 1285 2009 eo
1310 1971 1492 2021 sagittarii

172 2050 218 2074 ex
243 2036 418 2083 Rutenis,
443 2035 592 2086 equites
620 2050 666 2074 ex
693 2036 819 2074 Gallia
846 2050 936 2075 cum
964 2036 1095 2075 multis
1123 2035 1238 2074 carris
1264 2035 1492 2086 magnisque

112 2112 154 2144 30
171 2099 471 2150 impedimentis,
495 2108 537 2138 ut
563 2101 634 2138 fert
655 2100 805 2138 Gallica
830 2102 1086 2139 consuetudo.
1148 2102 1269 2138 Erant
1295 2108 1493 2151 praeterea
1513 2112 1528 2133 2

171 2164 360 2214 cuiusque
397 2164 547 2214 generis
586 2163 791 2202 hominum
831 2163 936 2202 milia
978 2164 1127 2203 circiter
1165 2177 1205 2202 VI
1246 2179 1335 2203 cum
1375 2165 1492 2203 servis

171 2229 404 2279 liberisque3
433 2230 503 2267 sed
522 2230 651 2267 nullus
673 2229 780 2275 ordo,
805 2229 955 2267 nullum
982 2228 1188 2278 imperium
1220 2237 1377 2276 certum,
1402 2243 1491 2267 cum

218 2332 277 2352 1-2
302 2320 463 2361 nequeX
486 2320 621 2362 Mcnge:
649 2332 800 2360 novaque
814 2321 1003 2361 Hoffinamz
1092 2322 1113 2350 6
1137 2322 1236 2361 inope
1257 2331 1290 2364 re
1306 2321 1490 2353 Buecheler:

172 2364 311 2403 inopere
327 2364 379 2396 X:
417 2365 548 2404 inopiae
566 2370 585 2394 λ
714 2375 748 2395 11
777 2365 905 2395 utribus
923 2369 942 2393 λ
959 2364 1071 2395 Aldus
1087 2377 1093 2394 :
1126 2365 1276 2404 utrisque
1294 2364 1330 2393 X
1450 2376 1490 2404 27

172 2413 376 2438 commeatus
392 2408 586 2448 Nippcrdqv:
614 2409 790 2438 comitatus
806 2407 843 2436 X
929 2408 1094 2438 habebant
1113 2407 1218 2438 D‘T':
1244 2408 1387 2439 habeant
1405 2407 1444 2437 L'
