1705 2729
614 131 657 170 C.
692 131 808 168 IVLI
839 131 1108 169 CAESARIS

199 241 331 279 structi
371 241 578 280 liberaliter
612 254 834 291 magnoque
873 240 1061 280 comitatu
1101 249 1138 280 et
1177 241 1306 279 multis
1341 241 1524 280 iumentis

198 313 383 343 venerant
422 305 570 355 virique
614 307 732 343 fortes
771 306 1017 344 habebantur
1062 313 1099 343 et
1144 304 1183 342 in
1228 306 1377 343 honore
1418 306 1525 355 apud

199 371 407 408 Caesarem
424 371 585 416 fuerant,
603 370 790 419 quodque
807 383 952 408 novum
970 377 1007 408 et
1028 376 1179 419 praeter
1198 369 1525 408 consuetudinem

199 434 405 481 acciderat,
429 434 561 473 onmia
582 447 651 472 sua
671 433 865 484 praesidia
888 433 1147 472 circumduxit
1166 441 1285 482 atque
1304 432 1522 472 ostentavit.

161 509 174 529 2
200 500 304 536 Nam
329 505 419 536 ante
443 498 483 536 id
513 505 668 548 tempus
698 511 816 536 nemo
843 505 909 536 aut
937 497 1048 536 miles
1076 505 1143 535 aut
1169 511 1289 547 eques
1315 511 1339 536 a
1359 498 1526 537 Caesare
1545 507 1563 539 5

197 563 250 600 acl
272 561 505 611 Pompeium
536 561 747 608 transierat,
775 576 866 600 cum
894 574 1020 611 paene
1046 561 1191 599 cotidie
1216 574 1239 599 a
1261 561 1450 611 Pompeio
1473 561 1525 599 ad

199 628 407 666 Caesarem
438 628 693 677 perfugerent,
720 628 837 676 vulgo
866 640 958 664 vero
991 626 1160 664 universi
1189 626 1228 664 in
1260 625 1379 676 Epiro
1408 632 1526 674 atque

197 690 353 729 Aetolia
369 690 578 740 conscripti
601 690 742 729 milites
763 704 977 740 earumque
997 689 1199 740 regionum
1220 689 1398 728 omnium
1426 702 1526 739 quae

161 766 178 795 3
197 768 220 792 a
241 755 408 793 Caesare
435 755 678 793 tenebantur.
739 755 818 792 Sed
845 753 884 791 hi
909 753 1073 804 cognitis
1101 753 1285 792 omnibus
1307 754 1434 799 rebus,
1457 766 1525 790 seu

197 819 294 868 quid
315 819 354 856 in
384 818 669 857 munitionibus
695 820 912 868 perfectum
941 832 1022 856 non
1050 826 1140 864 erat,
1163 831 1232 856 seu
1262 817 1357 866 quid
1382 830 1404 854 a
1431 816 1527 866 peri-
1549 833 1586 854 10

198 883 359 922 tioribus
398 882 453 921 rei
492 882 665 921 militaris
703 882 915 921 desiderari
953 882 1168 928 videbatur,
1206 880 1526 930 temporibusque

198 961 325 986 rerum
360 954 397 985 et
436 946 568 996 spatiis
603 948 779 985 locorum
818 953 857 984 et
890 945 1157 984 custodiarum
1190 945 1294 983 varia
1327 943 1527 994 diligentia

198 1011 478 1057 animadversa,
509 1018 624 1060 prout
655 1010 845 1060 cuiusque
874 1023 1010 1048 eorum
1040 1008 1107 1058 qui
1134 1007 1299 1058 negotiis
1325 1014 1527 1058 praeerant

197 1083 264 1114 aut
294 1083 429 1113 natura
456 1081 522 1113 aut
548 1074 722 1113 studium
747 1075 905 1120 ferebat,
932 1075 1030 1112 haec
1055 1074 1106 1111 ad
1132 1071 1365 1122 Pompeium
1395 1070 1528 1109 onmia

198 1141 433 1179 detulerunt.
1550 1154 1586 1186 15

126 1212 181 1248 62
255 1204 409 1253 Quibus
429 1203 494 1242 ille
513 1203 678 1253 cognitis
700 1202 994 1253 eruptionisque
1014 1202 1092 1240 iam
1111 1209 1202 1240 ante
1217 1208 1334 1251 capto
1349 1199 1524 1246 consilio,

200 1276 242 1307 ut
267 1269 578 1307 demonstratum
606 1276 673 1315 est,
697 1267 910 1317 tegimenta
936 1267 1055 1317 galeis
1080 1266 1222 1304 milites
1249 1279 1296 1303 ex
1315 1264 1527 1302 viminibus

164 1347 178 1367 2
200 1335 325 1372 facere
352 1340 470 1383 atque
495 1345 674 1382 aggerem
705 1332 813 1371 iubet
837 1338 1092 1381 comportare.
1154 1330 1230 1368 His
1250 1329 1391 1380 paratis
1411 1329 1528 1368 rebus

201 1411 386 1448 magnum
404 1410 610 1436 numerum
627 1396 721 1436 levis
737 1404 955 1435 armaturae
975 1403 1013 1434 et
1034 1394 1317 1445 sagittariorum
1333 1407 1528 1444 aggerem-

200 1476 278 1513 que
298 1476 457 1501 omnem
486 1469 605 1501 noctu
633 1461 672 1499 in
700 1463 865 1512 scaphas
893 1468 931 1499 et
959 1459 1068 1498 navis
1092 1458 1282 1498 actuarias
1302 1457 1469 1508 imponit
1489 1464 1528 1496 et
1549 1468 1588 1491 20

200 1528 250 1566 de
272 1526 400 1566 media
422 1533 538 1565 nocte
559 1526 730 1565 cohortis
753 1538 805 1563 Lx
827 1539 873 1564 ex
894 1524 1071 1563 maximis
1092 1523 1225 1563 castris
1247 1521 1528 1573 praesidiisque

200 1592 390 1630 deductas
411 1592 461 1629 ad
483 1604 569 1629 eam
590 1599 739 1641 partem
760 1590 1025 1628 munitionum
1053 1589 1162 1628 ducit
1188 1602 1290 1639 quae
1309 1587 1528 1638 pertinebat

200 1658 251 1696 ad
281 1670 385 1695 mare
415 1655 719 1706 longissimeque
748 1669 771 1694 a
800 1655 978 1694 maximis
1012 1654 1145 1693 castris
1175 1652 1352 1694 Caesaris
1381 1652 1524 1691 aberat.

165 1736 183 1766 3,
203 1722 357 1760 Eodem
387 1720 494 1759 navis
524 1734 620 1771 quas
655 1719 1009 1759 demonstravimus
1042 1732 1180 1769 aggere
1213 1725 1252 1756 et
1284 1717 1378 1755 levis
1408 1730 1528 1754 arma-

202 1794 310 1825 turae
344 1785 530 1824 militibus
565 1787 790 1836 completas‚
828 1798 1004 1835 quasque
1041 1785 1092 1822 ad
1129 1782 1386 1833 Dyrrachium
1419 1780 1528 1819 navis
1549 1793 1586 1826 ²5

203 1853 337 1901 longas
358 1851 538 1897 habebat,
563 1850 679 1888 mittit
700 1857 738 1888 et
764 1848 860 1899 quid
884 1862 907 1887 a
932 1862 1092 1898 quoque
1116 1847 1197 1887 fieri
1217 1847 1309 1885 velit
1327 1845 1525 1896 praecipit.

165 1917 268 1958 4Ad
299 1928 364 1953 eas
405 1914 642 1953 munitiones
677 1915 822 1953 Caesar
856 1914 1069 1951 Lentulum
1102 1911 1376 1950 Marcellinum
1414 1923 1530 1960 quae—

204 1988 347 2018 storem
382 1993 472 2018 cum
506 1979 660 2029 legione
689 1990 791 2016 V1111.
824 1977 996 2027 positum
1028 1977 1208 2015 habebat.
1270 1975 1388 2022 Huic,
1420 1976 1528 2024 quod

204 2043 426 2083 valetudine
457 2043 587 2081 minus
618 2042 830 2081 commoda
860 2042 1051 2088 utebatur,
1085 2040 1265 2079 Fulvium
1296 2041 1529 2078 Postumum

203 2109 422 2147 adiutorem
444 2106 698 2145 summiserat.
1549 2123 1589 2154 30

132 2172 185 2217 63
260 2175 353 2211 Erat
379 2185 426 2210 eo
452 2173 541 2210 loco
570 2172 674 2209 fossa
699 2171 846 2220 pedum
874 2181 929 2208 xv
950 2176 987 2208 et
1007 2169 1129 2207 vallus
1157 2176 1291 2207 contra
1314 2169 1468 2206 hostem
1490 2167 1529 2205 in

249 2285 269 2313 3
294 2275 425 2304 fuerant
446 2273 490 2304 V:
516 2273 651 2303 fuerunt
668 2276 730 2302 cett.
826 2283 864 2303 10
887 2273 967 2310 quid
985 2272 1018 2302 in
1036 2274 1080 2305 βε
1104 2272 1193 2309 quod
1211 2272 1243 2300 in
1261 2269 1306 2299 D'
1440 2280 1478 2299 12
1496 2275 1530 2300 et

206 2318 430 2348 custodiarum
453 2317 502 2348 L:
544 2317 577 2346 in
603 2316 831 2346 custodiarum
857 2319 919 2346 cett.
1058 2324 1095 2352 15
1120 2315 1312 2344 detulerunt
1328 2312 1393 2342 D':
1434 2314 1528 2343 detu-

207 2362 316 2391 lerant
333 2363 355 2394 β
488 2370 528 2389 22
553 2359 744 2399 pertinebat
760 2357 807 2387 D¹
826 2369 832 2388 :
857 2358 1070 2397 pertinebant
1088 2356 1137 2386 Β2
1154 2361 1216 2387 cels.
1349 2367 1388 2395 23
1415 2356 1530 2386 aberat

207 2404 241 2433 D
255 2416 259 2435 ;
284 2405 421 2434 aberant
439 2407 501 2434 cert.
601 2412 639 2441 31
669 2403 790 2442 pedum
805 2412 841 2431 r:
864 2402 971 2441 pedes
987 2400 1024 2430 X
1082 2400 1187 2431 vallus
1199 2399 1310 2430 Aldus
1325 2411 1330 2429 :
1355 2399 1480 2429 vallum
1495 2396 1534 2428 X
