<?xml version="1.0" encoding="UTF-8"?>
<!DOCTYPE html PUBLIC "-//W3C//DTD XHTML 1.0 Transitional//EN"
    "http://www.w3.org/TR/xhtml1/DTD/xhtml1-transitional.dtd">
<html xmlns="http://www.w3.org/1999/xhtml" xml:lang="en" lang="en">
 <head>
  <title>
</title>
<meta http-equiv="Content-Type" content="text/html;charset=utf-8" />
  <meta name='ocr-system' content='tesseract 3.04.00' />
  <meta name='ocr-capabilities' content='ocr_page ocr_carea ocr_par ocr_line ocrx_word'/>
</head>
<body>
  <div class='ocr_page' id='page_1' title='image "./commentariorumpa02caesuoft_0302.png"; bbox 0 0 1705 2729; ppageno 0'>
   <div class='ocr_carea' id='block_1_1' title="bbox 618 145 1168 183">
    <p class='ocr_par' dir='ltr' id='par_1_1' title="bbox 618 145 1168 183">
     <span class='ocr_line' id='line_1_1' title="bbox 618 145 1168 183; baseline 0.002 -1"><span class='ocrx_word' id='word_1_1' title='bbox 618 145 852 183; x_wconf 84' lang='lat' dir='ltr'>INCERTI</span> <span class='ocrx_word' id='word_1_2' title='bbox 886 145 1168 183; x_wconf 82' lang='lat' dir='ltr'>AVCTORIS</span> 
     </span>
    </p>
   </div>
   <div class='ocr_carea' id='block_1_2' title="bbox 150 254 1610 1795">
    <p class='ocr_par' dir='ltr' id='par_1_2' title="bbox 221 254 1554 369">
     <span class='ocr_line' id='line_1_2' title="bbox 222 254 1554 309; baseline 0.004 -16"><span class='ocrx_word' id='word_1_3' title='bbox 222 255 349 294; x_wconf 68' lang='lat' dir='ltr'>festini</span> <span class='ocrx_word' id='word_1_4' title='bbox 372 254 481 305; x_wconf 87' lang='lat' dir='ltr'>sequi</span> <span class='ocrx_word' id='word_1_5' title='bbox 503 255 659 305; x_wconf 79' lang='lat' dir='ltr'>coepit3</span> <span class='ocrx_word' id='word_1_6' title='bbox 698 255 861 305; x_wconf 58' lang='lat' dir='ltr'>*spartini</span> <span class='ocrx_word' id='word_1_7' title='bbox 883 255 1075 306; x_wconf 90' lang='lat' dir='ltr'>pedibus†</span> <span class='ocrx_word' id='word_1_8' title='bbox 1105 263 1142 294; x_wconf 89' lang='lat' dir='ltr'>et</span> <span class='ocrx_word' id='word_1_9' title='bbox 1172 256 1367 306; x_wconf 83' lang='lat' dir='ltr'>equitatus</span> <span class='ocrx_word' id='word_1_10' title='bbox 1395 259 1446 297; x_wconf 90' lang='lat' dir='ltr'>ad</span> <span class='ocrx_word' id='word_1_11' title='bbox 1473 272 1554 309; x_wconf 89' lang='lat' dir='ltr'>per-</span> 
     </span>
     <span class='ocr_line' id='line_1_3' title="bbox 221 319 1553 369; baseline 0.002 -11"><span class='ocrx_word' id='word_1_12' title='bbox 221 320 469 369; x_wconf 89' lang='lat' dir='ltr'>sequendum</span> <span class='ocrx_word' id='word_1_13' title='bbox 502 319 676 358; x_wconf 76' lang='lat' dir='ltr'>celeriter</span> <span class='ocrx_word' id='word_1_14' title='bbox 715 319 785 358; x_wconf 88' lang='lat' dir='ltr'>iter</span> <span class='ocrx_word' id='word_1_15' title='bbox 824 319 1018 358; x_wconf 81' lang='lat' dir='ltr'>faciebant</span> <span class='ocrx_word' id='word_1_16' title='bbox 1050 320 1143 359; x_wconf 89' lang='lat' dir='ltr'>item</span> <span class='ocrx_word' id='word_1_17' title='bbox 1177 320 1385 359; x_wconf 88' lang='lat' dir='ltr'>confestim</span> <span class='ocrx_word' id='word_1_18' title='bbox 1419 335 1553 361; x_wconf 91' lang='lat' dir='ltr'>conse-</span> 
     </span>
    </p>

    <p class='ocr_par' dir='ltr' id='par_1_3' title="bbox 183 384 1589 629">
     <span class='ocr_line' id='line_1_4' title="bbox 183 384 1554 435; baseline 0.003 -13"><span class='ocrx_word' id='word_1_19' title='bbox 183 397 201 428; x_wconf 80' lang='lat'><strong>3</strong></span> <span class='ocrx_word' id='word_1_20' title='bbox 221 392 397 434; x_wconf 90' lang='lat' dir='ltr'>quentes.</span> <span class='ocrx_word' id='word_1_21' title='bbox 457 386 609 434; x_wconf 83' lang='lat' dir='ltr'>Quarto</span> <span class='ocrx_word' id='word_1_22' title='bbox 638 384 703 423; x_wconf 90' lang='lat' dir='ltr'>die</span> <span class='ocrx_word' id='word_1_23' title='bbox 732 384 1000 434; x_wconf 86' lang='lat' dir='ltr'>navigationis,</span> <span class='ocrx_word' id='word_1_24' title='bbox 1023 386 1132 435; x_wconf 90' lang='lat' dir='ltr'>quod</span> <span class='ocrx_word' id='word_1_25' title='bbox 1157 384 1336 435; x_wconf 82' lang='lat' dir='ltr'>imparati</span> <span class='ocrx_word' id='word_1_26' title='bbox 1355 399 1379 424; x_wconf 89' lang='lat' dir='ltr'>a</span> <span class='ocrx_word' id='word_1_27' title='bbox 1399 387 1554 426; x_wconf 86' lang='lat' dir='ltr'>Carteia</span> 
     </span>
     <span class='ocr_line' id='line_1_5' title="bbox 220 448 1552 501; baseline 0.002 -14"><span class='ocrx_word' id='word_1_28' title='bbox 220 449 384 500; x_wconf 88' lang='lat' dir='ltr'>profecti</span> <span class='ocrx_word' id='word_1_29' title='bbox 423 449 506 488; x_wconf 91' lang='lat' dir='ltr'>sine</span> <span class='ocrx_word' id='word_1_30' title='bbox 544 462 647 499; x_wconf 89' lang='lat' dir='ltr'>aqua</span> <span class='ocrx_word' id='word_1_31' title='bbox 685 448 858 496; x_wconf 89' lang='lat' dir='ltr'>fuissent,</span> <span class='ocrx_word' id='word_1_32' title='bbox 898 451 949 488; x_wconf 89' lang='lat' dir='ltr'>ad</span> <span class='ocrx_word' id='word_1_33' title='bbox 988 456 1127 488; x_wconf 89' lang='lat' dir='ltr'>terram</span> <span class='ocrx_word' id='word_1_34' title='bbox 1166 450 1374 501; x_wconf 90' lang='lat' dir='ltr'>applicant.</span> <span class='ocrx_word' id='word_1_35' title='bbox 1444 453 1552 490; x_wconf 89' lang='lat' dir='ltr'>Dum</span> 
     </span>
     <span class='ocr_line' id='line_1_6' title="bbox 220 513 1589 564; baseline 0.003 -12"><span class='ocrx_word' id='word_1_36' title='bbox 220 522 425 564; x_wconf 85' lang='lat' dir='ltr'>aquantur,</span> <span class='ocrx_word' id='word_1_37' title='bbox 450 513 592 552; x_wconf 84' lang='lat' dir='ltr'>Didius</span> <span class='ocrx_word' id='word_1_38' title='bbox 621 515 744 552; x_wconf 87' lang='lat' dir='ltr'>classe</span> <span class='ocrx_word' id='word_1_39' title='bbox 772 513 947 561; x_wconf 88' lang='lat' dir='ltr'>accurrit,</span> <span class='ocrx_word' id='word_1_40' title='bbox 971 514 1078 553; x_wconf 86' lang='lat' dir='ltr'>navis</span> <span class='ocrx_word' id='word_1_41' title='bbox 1108 514 1294 563; x_wconf 86' lang='lat' dir='ltr'>incendit,</span> <span class='ocrx_word' id='word_1_42' title='bbox 1316 528 1397 555; x_wconf 91' lang='lat' dir='ltr'>non</span> <span class='ocrx_word' id='word_1_43' title='bbox 1427 518 1552 556; x_wconf 90' lang='lat' dir='ltr'>nullas</span> <span class='ocrx_word' id='word_1_44' title='bbox 1571 531 1589 562; x_wconf 89' lang='lat'>5</span> 
     </span>
     <span class='ocr_line' id='line_1_7' title="bbox 221 578 1173 629; baseline 0.001 -12"><span class='ocrx_word' id='word_1_45' title='bbox 221 578 335 629; x_wconf 84' lang='lat' dir='ltr'>capit.</span> <span class='ocrx_word' id='word_1_46' title='bbox 1170 585 1173 588; x_wconf 88' lang='lat'>&#39;</span> 
     </span>
    </p>

    <p class='ocr_par' dir='ltr' id='par_1_4' title="bbox 150 643 1581 824">
     <span class='ocr_line' id='line_1_8' title="bbox 150 643 1581 695; baseline 0.001 -11"><span class='ocrx_word' id='word_1_47' title='bbox 150 646 202 694; x_wconf 85' lang='lat'>38</span> <span class='ocrx_word' id='word_1_48' title='bbox 276 643 488 694; x_wconf 90' lang='lat' dir='ltr'>Pompeius</span> <span class='ocrx_word' id='word_1_49' title='bbox 509 657 599 683; x_wconf 90' lang='lat' dir='ltr'>cum</span> <span class='ocrx_word' id='word_1_50' title='bbox 627 644 761 694; x_wconf 86' lang='lat' dir='ltr'>paucis</span> <span class='ocrx_word' id='word_1_51' title='bbox 791 644 959 695; x_wconf 86' lang='lat' dir='ltr'>profugit</span> <span class='ocrx_word' id='word_1_52' title='bbox 988 651 1026 684; x_wconf 89' lang='lat' dir='ltr'>et</span> <span class='ocrx_word' id='word_1_53' title='bbox 1055 645 1186 683; x_wconf 89' lang='lat' dir='ltr'>locum</span> <span class='ocrx_word' id='word_1_54' title='bbox 1207 646 1408 695; x_wconf 86' lang='lat' dir='ltr'>quendam</span> <span class='ocrx_word' id='word_1_55' title='bbox 1428 645 1553 684; x_wconf 92' lang='lat' dir='ltr'>muni·</span> <span class='ocrx_word' id='word_1_56' title='bbox 1576 681 1581 687; x_wconf 93' lang='lat'><strong><em>.</em></strong></span> 
     </span>
     <span class='ocr_line' id='line_1_9' title="bbox 220 709 1552 761; baseline 0.002 -15"><span class='ocrx_word' id='word_1_57' title='bbox 220 716 303 746; x_wconf 90' lang='lat' dir='ltr'>tum</span> <span class='ocrx_word' id='word_1_58' title='bbox 335 716 472 747; x_wconf 89' lang='lat' dir='ltr'>natura</span> <span class='ocrx_word' id='word_1_59' title='bbox 505 716 682 759; x_wconf 90' lang='lat' dir='ltr'>occupat.</span> <span class='ocrx_word' id='word_1_60' title='bbox 753 709 916 759; x_wconf 86' lang='lat' dir='ltr'>Equites</span> <span class='ocrx_word' id='word_1_61' title='bbox 951 716 989 748; x_wconf 92' lang='lat' dir='ltr'>et</span> <span class='ocrx_word' id='word_1_62' title='bbox 1027 711 1208 748; x_wconf 89' lang='lat' dir='ltr'>cohortes</span> <span class='ocrx_word' id='word_1_63' title='bbox 1241 709 1309 760; x_wconf 91' lang='lat' dir='ltr'>qui</span> <span class='ocrx_word' id='word_1_64' title='bbox 1342 711 1393 749; x_wconf 92' lang='lat' dir='ltr'>ad</span> <span class='ocrx_word' id='word_1_65' title='bbox 1426 724 1552 761; x_wconf 88' lang='lat' dir='ltr'>perse-</span> 
     </span>
     <span class='ocr_line' id='line_1_10' title="bbox 219 773 1549 824; baseline 0.002 -13"><span class='ocrx_word' id='word_1_66' title='bbox 219 774 422 823; x_wconf 88' lang='lat' dir='ltr'>quendum</span> <span class='ocrx_word' id='word_1_67' title='bbox 463 773 569 811; x_wconf 88' lang='lat' dir='ltr'>missi</span> <span class='ocrx_word' id='word_1_68' title='bbox 607 780 737 812; x_wconf 83' lang='lat' dir='ltr'>essent</span> <span class='ocrx_word' id='word_1_69' title='bbox 771 773 1080 824; x_wconf 83' lang='lat' dir='ltr'>speculatoribus</span> <span class='ocrx_word' id='word_1_70' title='bbox 1113 774 1334 813; x_wconf 89' lang='lat' dir='ltr'>antemissis</span> <span class='ocrx_word' id='word_1_71' title='bbox 1367 775 1549 814; x_wconf 89' lang='lat' dir='ltr'>certiores</span> 
     </span>
    </p>

    <p class='ocr_par' dir='ltr' id='par_1_5' title="bbox 183 837 1609 943">
     <span class='ocr_line' id='line_1_11' title="bbox 183 837 1609 889; baseline 0 -13"><span class='ocrx_word' id='word_1_72' title='bbox 183 856 198 877; x_wconf 88' lang='lat'><em>2</em></span> <span class='ocrx_word' id='word_1_73' title='bbox 220 839 343 876; x_wconf 82' lang='lat' dir='ltr'>fiunt:</span> <span class='ocrx_word' id='word_1_74' title='bbox 384 838 489 876; x_wconf 91' lang='lat' dir='ltr'>diem</span> <span class='ocrx_word' id='word_1_75' title='bbox 524 845 562 876; x_wconf 89' lang='lat' dir='ltr'>et</span> <span class='ocrx_word' id='word_1_76' title='bbox 596 845 753 876; x_wconf 88' lang='lat' dir='ltr'>noctem</span> <span class='ocrx_word' id='word_1_77' title='bbox 788 838 859 876; x_wconf 92' lang='lat' dir='ltr'>iter</span> <span class='ocrx_word' id='word_1_78' title='bbox 890 837 1046 876; x_wconf 87' lang='lat' dir='ltr'>faciunt.</span> <span class='ocrx_word' id='word_1_79' title='bbox 1106 839 1318 889; x_wconf 87' lang='lat' dir='ltr'>Pompeius</span> <span class='ocrx_word' id='word_1_80' title='bbox 1348 852 1484 878; x_wconf 91' lang='lat' dir='ltr'>umero</span> <span class='ocrx_word' id='word_1_81' title='bbox 1510 847 1548 878; x_wconf 89' lang='lat' dir='ltr'>et</span> <span class='ocrx_word' id='word_1_82' title='bbox 1569 854 1609 876; x_wconf 88' lang='lat'>10</span> 
     </span>
     <span class='ocr_line' id='line_1_12' title="bbox 219 902 1549 943; baseline 0.002 -3"><span class='ocrx_word' id='word_1_83' title='bbox 219 902 373 941; x_wconf 88' lang='lat' dir='ltr'>sinistro</span> <span class='ocrx_word' id='word_1_84' title='bbox 403 916 512 941; x_wconf 89' lang='lat' dir='ltr'>crure</span> <span class='ocrx_word' id='word_1_85' title='bbox 532 904 786 942; x_wconf 87' lang='lat' dir='ltr'>vehementer</span> <span class='ocrx_word' id='word_1_86' title='bbox 814 910 894 942; x_wconf 88' lang='lat' dir='ltr'>erat</span> <span class='ocrx_word' id='word_1_87' title='bbox 923 903 1088 941; x_wconf 89' lang='lat' dir='ltr'>saucius.</span> <span class='ocrx_word' id='word_1_88' title='bbox 1149 905 1243 942; x_wconf 89' lang='lat' dir='ltr'>Huc</span> <span class='ocrx_word' id='word_1_89' title='bbox 1271 904 1486 943; x_wconf 88' lang='lat' dir='ltr'>accedebat</span> <span class='ocrx_word' id='word_1_90' title='bbox 1507 912 1549 942; x_wconf 91' lang='lat' dir='ltr'>ut</span> 
     </span>
    </p>

    <p class='ocr_par' dir='ltr' id='par_1_6' title="bbox 182 967 1608 1212">
     <span class='ocr_line' id='line_1_13' title="bbox 182 967 1551 1018; baseline 0.001 -12"><span class='ocrx_word' id='word_1_91' title='bbox 182 977 199 1007; x_wconf 84' lang='grc'>3</span> <span class='ocrx_word' id='word_1_92' title='bbox 218 967 335 1006; x_wconf 88' lang='lat' dir='ltr'>etiam</span> <span class='ocrx_word' id='word_1_93' title='bbox 358 969 478 1006; x_wconf 88' lang='lat' dir='ltr'>talum</span> <span class='ocrx_word' id='word_1_94' title='bbox 500 967 715 1006; x_wconf 85' lang='lat' dir='ltr'>intorsisset</span> <span class='ocrx_word' id='word_1_95' title='bbox 733 982 741 1015; x_wconf 68' lang='grc' dir='ltr'><strong>ς</strong></span> <span class='ocrx_word' id='word_1_96' title='bbox 771 981 872 1017; x_wconf 91' lang='lat' dir='ltr'>quae</span> <span class='ocrx_word' id='word_1_97' title='bbox 896 981 955 1006; x_wconf 92' lang='lat' dir='ltr'>res</span> <span class='ocrx_word' id='word_1_98' title='bbox 983 967 1151 1006; x_wconf 84' lang='lat' dir='ltr'>maxime</span> <span class='ocrx_word' id='word_1_99' title='bbox 1177 967 1428 1018; x_wconf 82' lang='lat' dir='ltr'>impediebat.</span> <span class='ocrx_word' id='word_1_100' title='bbox 1490 970 1551 1007; x_wconf 89' lang='lat' dir='ltr'>Ita</span> 
     </span>
     <span class='ocr_line' id='line_1_14' title="bbox 217 1032 1552 1072; baseline 0 -1"><span class='ocrx_word' id='word_1_101' title='bbox 217 1032 356 1071; x_wconf 91' lang='lat' dir='ltr'>lectica</span> <span class='ocrx_word' id='word_1_102' title='bbox 375 1033 426 1070; x_wconf 90' lang='lat' dir='ltr'>ad</span> <span class='ocrx_word' id='word_1_103' title='bbox 447 1040 591 1070; x_wconf 89' lang='lat' dir='ltr'>turrem</span> <span class='ocrx_word' id='word_1_104' title='bbox 619 1046 709 1070; x_wconf 90' lang='lat' dir='ltr'>cum</span> <span class='ocrx_word' id='word_1_105' title='bbox 737 1039 838 1071; x_wconf 89' lang='lat' dir='ltr'>esset</span> <span class='ocrx_word' id='word_1_106' title='bbox 864 1033 1017 1070; x_wconf 89' lang='lat' dir='ltr'>ablatus</span> <span class='ocrx_word' id='word_1_107' title='bbox 1044 1032 1083 1070; x_wconf 91' lang='lat' dir='ltr'>in</span> <span class='ocrx_word' id='word_1_108' title='bbox 1114 1045 1160 1070; x_wconf 91' lang='lat' dir='ltr'>ea</span> <span class='ocrx_word' id='word_1_109' title='bbox 1179 1033 1383 1071; x_wconf 90' lang='lat' dir='ltr'>ferebatur.</span> <span class='ocrx_word' id='word_1_110' title='bbox 1444 1033 1552 1072; x_wconf 92' lang='lat' dir='ltr'>Lusi-</span> 
     </span>
     <span class='ocr_line' id='line_1_15' title="bbox 217 1097 1551 1147; baseline 0.001 -12"><span class='ocrx_word' id='word_1_111' title='bbox 217 1105 331 1136; x_wconf 86' lang='lat' dir='ltr'>tanus</span> <span class='ocrx_word' id='word_1_112' title='bbox 371 1110 479 1136; x_wconf 90' lang='lat' dir='ltr'>more</span> <span class='ocrx_word' id='word_1_113' title='bbox 518 1097 671 1136; x_wconf 88' lang='lat' dir='ltr'>militari</span> <span class='ocrx_word' id='word_1_114' title='bbox 710 1111 798 1136; x_wconf 84' lang='lat' dir='ltr'>curn</span> <span class='ocrx_word' id='word_1_115' title='bbox 840 1097 1017 1136; x_wconf 89' lang='lat' dir='ltr'>Caesaris</span> <span class='ocrx_word' id='word_1_116' title='bbox 1055 1097 1250 1147; x_wconf 89' lang='lat' dir='ltr'>praesidio</span> <span class='ocrx_word' id='word_1_117' title='bbox 1288 1097 1422 1137; x_wconf 90' lang='lat' dir='ltr'>fuisset</span> <span class='ocrx_word' id='word_1_118' title='bbox 1460 1111 1551 1136; x_wconf 92' lang='lat' dir='ltr'>con-</span> 
     </span>
     <span class='ocr_line' id='line_1_16' title="bbox 218 1161 1608 1212; baseline 0 -12"><span class='ocrx_word' id='word_1_119' title='bbox 218 1169 385 1212; x_wconf 88' lang='lat' dir='ltr'>spectus,</span> <span class='ocrx_word' id='word_1_120' title='bbox 427 1161 602 1200; x_wconf 89' lang='lat' dir='ltr'>celeriter</span> <span class='ocrx_word' id='word_1_121' title='bbox 649 1162 823 1211; x_wconf 87' lang='lat' dir='ltr'>equitatu</span> <span class='ocrx_word' id='word_1_122' title='bbox 871 1161 1179 1212; x_wconf 85' lang='lat' dir='ltr'>cohortibusque</span> <span class='ocrx_word' id='word_1_123' title='bbox 1218 1162 1546 1202; x_wconf 88' lang='lat' dir='ltr'>circumcluditur.</span> <span class='ocrx_word' id='word_1_124' title='bbox 1571 1178 1608 1211; x_wconf 90' lang='lat'>15</span> 
     </span>
    </p>

    <p class='ocr_par' dir='ltr' id='par_1_7' title="bbox 180 1225 1549 1471">
     <span class='ocr_line' id='line_1_17' title="bbox 180 1225 1548 1279; baseline 0.001 -14"><span class='ocrx_word' id='word_1_125' title='bbox 180 1238 198 1267; x_wconf 79' lang='lat'>4</span> <span class='ocrx_word' id='word_1_126' title='bbox 220 1228 312 1265; x_wconf 90' lang='lat' dir='ltr'>Erat</span> <span class='ocrx_word' id='word_1_127' title='bbox 350 1240 530 1265; x_wconf 89' lang='lat' dir='ltr'>accessus</span> <span class='ocrx_word' id='word_1_128' title='bbox 569 1226 645 1265; x_wconf 86' lang='lat' dir='ltr'>loci</span> <span class='ocrx_word' id='word_1_129' title='bbox 687 1226 863 1265; x_wconf 88' lang='lat' dir='ltr'>difficilis.</span> <span class='ocrx_word' id='word_1_130' title='bbox 937 1228 1041 1265; x_wconf 89' lang='lat' dir='ltr'>Nam</span> <span class='ocrx_word' id='word_1_131' title='bbox 1080 1226 1226 1265; x_wconf 90' lang='lat' dir='ltr'>idcirco</span> <span class='ocrx_word' id='word_1_132' title='bbox 1266 1225 1440 1279; x_wconf 88' lang='lat' dir='ltr'>[propter</span> <span class='ocrx_word' id='word_1_133' title='bbox 1477 1241 1548 1266; x_wconf 92' lang='lat' dir='ltr'>suo</span> 
     </span>
     <span class='ocr_line' id='line_1_18' title="bbox 218 1289 1549 1344; baseline 0 -14"><span class='ocrx_word' id='word_1_134' title='bbox 218 1291 413 1341; x_wconf 88' lang='lat' dir='ltr'>praesidio</span> <span class='ocrx_word' id='word_1_135' title='bbox 433 1291 567 1330; x_wconf 89' lang='lat' dir='ltr'>fuisset</span> <span class='ocrx_word' id='word_1_136' title='bbox 589 1298 823 1341; x_wconf 90' lang='lat' dir='ltr'>conspectus</span> <span class='ocrx_word' id='word_1_137' title='bbox 844 1289 1035 1344; x_wconf 88' lang='lat' dir='ltr'>celeriter]</span> <span class='ocrx_word' id='word_1_138' title='bbox 1054 1291 1248 1330; x_wconf 89' lang='lat' dir='ltr'>munitum</span> <span class='ocrx_word' id='word_1_139' title='bbox 1264 1292 1395 1330; x_wconf 91' lang='lat' dir='ltr'>locum</span> <span class='ocrx_word' id='word_1_140' title='bbox 1412 1299 1549 1330; x_wconf 88' lang='lat' dir='ltr'>natura</span> 
     </span>
     <span class='ocr_line' id='line_1_19' title="bbox 217 1356 1548 1407; baseline 0.001 -12"><span class='ocrx_word' id='word_1_141' title='bbox 217 1364 373 1407; x_wconf 86' lang='lat' dir='ltr'>ceperat</span> <span class='ocrx_word' id='word_1_142' title='bbox 397 1356 470 1395; x_wconf 88' lang='lat' dir='ltr'>sibi</span> <span class='ocrx_word' id='word_1_143' title='bbox 493 1356 716 1406; x_wconf 89' lang='lat' dir='ltr'>Pompeius,</span> <span class='ocrx_word' id='word_1_144' title='bbox 740 1362 786 1394; x_wconf 77' lang='lat' dir='ltr'>ut</span> <span class='ocrx_word' id='word_1_145' title='bbox 810 1356 988 1406; x_wconf 86' lang='lat' dir='ltr'>quamvis</span> <span class='ocrx_word' id='word_1_146' title='bbox 1018 1369 1159 1406; x_wconf 82' lang='lat' dir='ltr'>magna</span> <span class='ocrx_word' id='word_1_147' title='bbox 1188 1356 1440 1395; x_wconf 88' lang='lat' dir='ltr'>multitudine</span> <span class='ocrx_word' id='word_1_148' title='bbox 1460 1358 1548 1397; x_wconf 88' lang='lat' dir='ltr'>†de-</span> 
     </span>
     <span class='ocr_line' id='line_1_20' title="bbox 217 1420 1546 1471; baseline 0 -11"><span class='ocrx_word' id='word_1_149' title='bbox 217 1420 349 1461; x_wconf 84' lang='lat' dir='ltr'>ducti†</span> <span class='ocrx_word' id='word_1_150' title='bbox 360 1421 483 1470; x_wconf 75' lang='lat' dir='ltr'>pauci</span> <span class='ocrx_word' id='word_1_151' title='bbox 507 1420 687 1459; x_wconf 89' lang='lat' dir='ltr'>homines</span> <span class='ocrx_word' id='word_1_152' title='bbox 717 1435 763 1459; x_wconf 86' lang='lat' dir='ltr'>ex</span> <span class='ocrx_word' id='word_1_153' title='bbox 791 1420 988 1471; x_wconf 89' lang='lat' dir='ltr'>superiore</span> <span class='ocrx_word' id='word_1_154' title='bbox 1017 1422 1106 1459; x_wconf 92' lang='lat' dir='ltr'>loco</span> <span class='ocrx_word' id='word_1_155' title='bbox 1135 1422 1346 1460; x_wconf 90' lang='lat' dir='ltr'>defendere</span> <span class='ocrx_word' id='word_1_156' title='bbox 1375 1430 1546 1471; x_wconf 88' lang='lat' dir='ltr'>possent.</span> 
     </span>
    </p>

    <p class='ocr_par' dir='ltr' id='par_1_8' title="bbox 180 1485 1610 1665">
     <span class='ocr_line' id='line_1_21' title="bbox 180 1485 1610 1536; baseline -0.001 -11"><span class='ocrx_word' id='word_1_157' title='bbox 180 1495 196 1526; x_wconf 81' lang='lat'>5</span> <span class='ocrx_word' id='word_1_158' title='bbox 217 1487 395 1525; x_wconf 88' lang='lat' dir='ltr'>Subeunt</span> <span class='ocrx_word' id='word_1_159' title='bbox 416 1486 454 1523; x_wconf 91' lang='lat' dir='ltr'>in</span> <span class='ocrx_word' id='word_1_160' title='bbox 475 1487 648 1524; x_wconf 91' lang='lat' dir='ltr'>adventu</span> <span class='ocrx_word' id='word_1_161' title='bbox 668 1485 800 1533; x_wconf 89' lang='lat' dir='ltr'>nostri,</span> <span class='ocrx_word' id='word_1_162' title='bbox 823 1487 1073 1536; x_wconf 89' lang='lat' dir='ltr'>depelluntur</span> <span class='ocrx_word' id='word_1_163' title='bbox 1093 1485 1189 1524; x_wconf 89' lang='lat' dir='ltr'>telis.</span> <span class='ocrx_word' id='word_1_164' title='bbox 1233 1485 1388 1535; x_wconf 87' lang='lat' dir='ltr'>Quibus</span> <span class='ocrx_word' id='word_1_165' title='bbox 1409 1487 1548 1525; x_wconf 89' lang='lat' dir='ltr'>ceden-</span> <span class='ocrx_word' id='word_1_166' title='bbox 1569 1501 1610 1524; x_wconf 92' lang='lat'>20</span> 
     </span>
     <span class='ocr_line' id='line_1_22' title="bbox 217 1550 1548 1601; baseline 0 -12"><span class='ocrx_word' id='word_1_167' title='bbox 217 1551 320 1590; x_wconf 91' lang='lat' dir='ltr'>tibus</span> <span class='ocrx_word' id='word_1_168' title='bbox 342 1550 522 1601; x_wconf 91' lang='lat' dir='ltr'>cupidius</span> <span class='ocrx_word' id='word_1_169' title='bbox 553 1550 860 1601; x_wconf 89' lang='lat' dir='ltr'>insequebantur</span> <span class='ocrx_word' id='word_1_170' title='bbox 888 1550 1094 1590; x_wconf 88' lang='lat' dir='ltr'>adversarii</span> <span class='ocrx_word' id='word_1_171' title='bbox 1125 1558 1163 1589; x_wconf 91' lang='lat' dir='ltr'>et</span> <span class='ocrx_word' id='word_1_172' title='bbox 1190 1550 1397 1589; x_wconf 90' lang='lat' dir='ltr'>confestim</span> <span class='ocrx_word' id='word_1_173' title='bbox 1425 1552 1548 1590; x_wconf 90' lang='lat' dir='ltr'>tarda-</span> 
     </span>
     <span class='ocr_line' id='line_1_23' title="bbox 216 1614 1548 1665; baseline 0 -11"><span class='ocrx_word' id='word_1_174' title='bbox 216 1617 311 1655; x_wconf 90' lang='lat' dir='ltr'>bant</span> <span class='ocrx_word' id='word_1_175' title='bbox 331 1616 381 1654; x_wconf 86' lang='lat' dir='ltr'>ab</span> <span class='ocrx_word' id='word_1_176' title='bbox 401 1629 572 1654; x_wconf 91' lang='lat' dir='ltr'>accessu.</span> <span class='ocrx_word' id='word_1_177' title='bbox 633 1617 727 1654; x_wconf 91' lang='lat' dir='ltr'>Hoc</span> <span class='ocrx_word' id='word_1_178' title='bbox 756 1614 910 1665; x_wconf 91' lang='lat' dir='ltr'>saepius</span> <span class='ocrx_word' id='word_1_179' title='bbox 939 1617 1043 1654; x_wconf 91' lang='lat' dir='ltr'>facto</span> <span class='ocrx_word' id='word_1_180' title='bbox 1071 1614 1247 1653; x_wconf 90' lang='lat' dir='ltr'>animum</span> <span class='ocrx_word' id='word_1_181' title='bbox 1274 1616 1548 1654; x_wconf 86' lang='lat' dir='ltr'>advertebatur</span> 
     </span>
    </p>

    <p class='ocr_par' dir='ltr' id='par_1_9' title="bbox 178 1680 1547 1795">
     <span class='ocr_line' id='line_1_24' title="bbox 178 1680 1547 1731; baseline 0.001 -13"><span class='ocrx_word' id='word_1_182' title='bbox 178 1687 196 1718; x_wconf 87' lang='lat'><strong>6</strong></span> <span class='ocrx_word' id='word_1_183' title='bbox 217 1688 350 1719; x_wconf 90' lang='lat' dir='ltr'>nostro</span> <span class='ocrx_word' id='word_1_184' title='bbox 378 1694 520 1731; x_wconf 83' lang='lat' dir='ltr'>magno</span> <span class='ocrx_word' id='word_1_185' title='bbox 544 1680 585 1719; x_wconf 92' lang='lat' dir='ltr'>id</span> <span class='ocrx_word' id='word_1_186' title='bbox 612 1680 694 1719; x_wconf 90' lang='lat' dir='ltr'>fieri</span> <span class='ocrx_word' id='word_1_187' title='bbox 723 1680 907 1730; x_wconf 88' lang='lat' dir='ltr'>periculo.</span> <span class='ocrx_word' id='word_1_188' title='bbox 967 1681 1098 1729; x_wconf 89' lang='lat' dir='ltr'>Opere</span> <span class='ocrx_word' id='word_1_189' title='bbox 1122 1680 1424 1719; x_wconf 89' lang='lat' dir='ltr'>circummunire</span> <span class='ocrx_word' id='word_1_190' title='bbox 1442 1680 1547 1720; x_wconf 90' lang='lat' dir='ltr'>insti-</span> 
     </span>
     <span class='ocr_line' id='line_1_25' title="bbox 216 1744 1546 1795; baseline 0 -11"><span class='ocrx_word' id='word_1_191' title='bbox 216 1753 358 1793; x_wconf 78' lang='lat' dir='ltr'>tuunt3</span> <span class='ocrx_word' id='word_1_192' title='bbox 387 1745 466 1795; x_wconf 89' lang='lat' dir='ltr'>pari</span> <span class='ocrx_word' id='word_1_193' title='bbox 498 1752 629 1784; x_wconf 87' lang='lat' dir='ltr'>autern</span> <span class='ocrx_word' id='word_1_194' title='bbox 660 1759 705 1784; x_wconf 81' lang='lat' dir='ltr'>ex</span> <span class='ocrx_word' id='word_1_195' title='bbox 735 1745 849 1784; x_wconf 90' lang='lat' dir='ltr'>celeri</span> <span class='ocrx_word' id='word_1_196' title='bbox 880 1744 1128 1784; x_wconf 89' lang='lat' dir='ltr'>festinatione</span> <span class='ocrx_word' id='word_1_197' title='bbox 1157 1744 1546 1785; x_wconf 90' lang='lat' dir='ltr'>circummunitiones</span> 
     </span>
    </p>
   </div>
   <div class='ocr_carea' id='block_1_3' title="bbox 214 1846 1550 2441">
    <p class='ocr_par' dir='ltr' id='par_1_10' title="bbox 214 1846 1550 2441">
     <span class='ocr_line' id='line_1_26' title="bbox 264 1846 1545 1888; baseline 0.001 -10"><span class='ocrx_word' id='word_1_198' title='bbox 264 1858 275 1878; x_wconf 94' lang='lat'>1</span> <span class='ocrx_word' id='word_1_199' title='bbox 304 1848 424 1887; x_wconf 85' lang='lat' dir='ltr'>partim</span> <span class='ocrx_word' id='word_1_200' title='bbox 442 1848 583 1887; x_wconf 86' lang='lat' dir='ltr'>pedibus</span> <span class='ocrx_word' id='word_1_201' title='bbox 603 1846 657 1879; x_wconf 87' lang='lat' dir='ltr'>X:</span> <span class='ocrx_word' id='word_1_202' title='bbox 682 1849 818 1879; x_wconf 87' lang='lat' dir='ltr'>Carteia</span> <span class='ocrx_word' id='word_1_203' title='bbox 837 1848 972 1888; x_wconf 86' lang='lat' dir='ltr'>pedites</span> <span class='ocrx_word' id='word_1_204' title='bbox 989 1848 1129 1879; x_wconf 74' lang='lat' dir='ltr'>Kneblcr</span> <span class='ocrx_word' id='word_1_205' title='bbox 1227 1858 1246 1878; x_wconf 91' lang='lat'><em>2</em></span> <span class='ocrx_word' id='word_1_206' title='bbox 1271 1848 1352 1879; x_wconf 86' lang='lat' dir='ltr'>item</span> <span class='ocrx_word' id='word_1_207' title='bbox 1369 1848 1545 1880; x_wconf 87' lang='lat' dir='ltr'>confestim</span> 
     </span>
     <span class='ocr_line' id='line_1_27' title="bbox 216 1891 1546 1932; baseline 0 -10"><span class='ocrx_word' id='word_1_208' title='bbox 216 1898 474 1930; x_wconf 84' lang='lat' dir='ltr'>consequentes.</span> <span class='ocrx_word' id='word_1_209' title='bbox 521 1891 651 1930; x_wconf 82' lang='lat' dir='ltr'>Quarto</span> <span class='ocrx_word' id='word_1_210' title='bbox 680 1892 735 1923; x_wconf 87' lang='lat' dir='ltr'>die</span> <span class='ocrx_word' id='word_1_211' title='bbox 762 1892 989 1931; x_wconf 83' lang='lat' dir='ltr'>navigationis</span> <span class='ocrx_word' id='word_1_212' title='bbox 1014 1891 1213 1932; x_wconf 60' lang='lat' dir='ltr'>szperdqy:</span> <span class='ocrx_word' id='word_1_213' title='bbox 1246 1892 1325 1923; x_wconf 88' lang='lat' dir='ltr'>item</span> <span class='ocrx_word' id='word_1_214' title='bbox 1348 1897 1468 1931; x_wconf 87' lang='lat' dir='ltr'>quarto</span> <span class='ocrx_word' id='word_1_215' title='bbox 1491 1893 1546 1923; x_wconf 90' lang='lat' dir='ltr'>die</span> 
     </span>
     <span class='ocr_line' id='line_1_28' title="bbox 217 1934 1546 1974; baseline 0.001 -9"><span class='ocrx_word' id='word_1_216' title='bbox 217 1936 431 1973; x_wconf 80' lang='lat' dir='ltr'>navigatione</span> <span class='ocrx_word' id='word_1_217' title='bbox 449 1935 625 1966; x_wconf 87' lang='lat' dir='ltr'>confestim</span> <span class='ocrx_word' id='word_1_218' title='bbox 644 1941 895 1974; x_wconf 86' lang='lat' dir='ltr'>consequentes</span> <span class='ocrx_word' id='word_1_219' title='bbox 912 1934 949 1964; x_wconf 90' lang='lat' dir='ltr'><em>X</em></span> <span class='ocrx_word' id='word_1_220' title='bbox 1057 1937 1077 1965; x_wconf 88' lang='lat'><em>8</em></span> <span class='ocrx_word' id='word_1_221' title='bbox 1101 1935 1156 1974; x_wconf 89' lang='lat' dir='ltr'>qui</span> <span class='ocrx_word' id='word_1_222' title='bbox 1178 1935 1229 1966; x_wconf 88' lang='lat' dir='ltr'>U:</span> <span class='ocrx_word' id='word_1_223' title='bbox 1251 1945 1338 1974; x_wconf 88' lang='lat' dir='ltr'>quae</span> <span class='ocrx_word' id='word_1_224' title='bbox 1355 1939 1418 1966; x_wconf 83' lang='lat' dir='ltr'>cett.</span> <span class='ocrx_word' id='word_1_225' title='bbox 1524 1945 1546 1974; x_wconf 89' lang='lat'>9</span> 
     </span>
     <span class='ocr_line' id='line_1_29' title="bbox 216 1977 1550 2019; baseline 0 -11"><span class='ocrx_word' id='word_1_226' title='bbox 216 1979 339 2009; x_wconf 86' lang='lat' dir='ltr'>missae</span> <span class='ocrx_word' id='word_1_227' title='bbox 356 1978 423 2009; x_wconf 78' lang='lat' dir='ltr'>edd.</span> <span class='ocrx_word' id='word_1_228' title='bbox 519 1989 556 2009; x_wconf 89' lang='lat'>12</span> <span class='ocrx_word' id='word_1_229' title='bbox 583 1978 788 2019; x_wconf 86' lang='lat' dir='ltr'>intorsisset]</span> <span class='ocrx_word' id='word_1_230' title='bbox 802 1979 892 2009; x_wconf 89' lang='lat' dir='ltr'>intus</span> <span class='ocrx_word' id='word_1_231' title='bbox 909 1979 1064 2009; x_wconf 89' lang='lat' dir='ltr'>scidisset</span> <span class='ocrx_word' id='word_1_232' title='bbox 1085 1978 1119 2009; x_wconf 89' lang='lat' dir='ltr'><strong><em>U</em></strong></span> <span class='ocrx_word' id='word_1_233' title='bbox 1221 1988 1258 2017; x_wconf 87' lang='lat'>13</span> <span class='ocrx_word' id='word_1_234' title='bbox 1280 1979 1321 2009; x_wconf 87' lang='lat' dir='ltr'>ad</span> <span class='ocrx_word' id='word_1_235' title='bbox 1342 1978 1392 2009; x_wconf 89' lang='lat' dir='ltr'>V:</span> <span class='ocrx_word' id='word_1_236' title='bbox 1415 1977 1550 2009; x_wconf 89' lang='lat' dir='ltr'>aDTU</span> 
     </span>
     <span class='ocr_line' id='line_1_30' title="bbox 216 2020 1548 2061; baseline -0.001 -9"><span class='ocrx_word' id='word_1_237' title='bbox 216 2023 257 2052; x_wconf 84' lang='lat' dir='ltr'>ad</span> <span class='ocrx_word' id='word_1_238' title='bbox 285 2026 407 2052; x_wconf 86' lang='lat' dir='ltr'>terram</span> <span class='ocrx_word' id='word_1_239' title='bbox 433 2022 510 2053; x_wconf 78' lang='lat' dir='ltr'>coni.</span> <span class='ocrx_word' id='word_1_240' title='bbox 535 2022 677 2052; x_wconf 72' lang='lat' dir='ltr'>Kuebler</span> <span class='ocrx_word' id='word_1_241' title='bbox 764 2032 838 2052; x_wconf 91' lang='lat' dir='ltr'>cum</span> <span class='ocrx_word' id='word_1_242' title='bbox 861 2026 905 2052; x_wconf 76' lang='grc' dir='ltr'>λε</span> <span class='ocrx_word' id='word_1_243' title='bbox 932 2032 1030 2061; x_wconf 88' lang='lat' dir='ltr'>quem</span> <span class='ocrx_word' id='word_1_244' title='bbox 1054 2022 1137 2054; x_wconf 88' lang='lat' dir='ltr'>DT:</span> <span class='ocrx_word' id='word_1_245' title='bbox 1172 2032 1270 2061; x_wconf 86' lang='lat' dir='ltr'>quam</span> <span class='ocrx_word' id='word_1_246' title='bbox 1291 2020 1341 2052; x_wconf 84' lang='lat' dir='ltr'>V:</span> <span class='ocrx_word' id='word_1_247' title='bbox 1372 2022 1407 2052; x_wconf 90' lang='lat' dir='ltr'>in</span> <span class='ocrx_word' id='word_1_248' title='bbox 1427 2031 1493 2061; x_wconf 91' lang='lat' dir='ltr'>qua</span> <span class='ocrx_word' id='word_1_249' title='bbox 1516 2021 1548 2051; x_wconf 90' lang='lat' dir='ltr'><em>U</em></span> 
     </span>
     <span class='ocr_line' id='line_1_31' title="bbox 216 2064 1542 2105; baseline 0 -10"><span class='ocrx_word' id='word_1_250' title='bbox 216 2069 306 2095; x_wconf 88' lang='lat' dir='ltr'>esset</span> <span class='ocrx_word' id='word_1_251' title='bbox 322 2064 452 2095; x_wconf 84' lang='lat' dir='ltr'>ablatus</span> <span class='ocrx_word' id='word_1_252' title='bbox 470 2065 546 2095; x_wconf 73' lang='lat' dir='ltr'>DT‘</span> <span class='ocrx_word' id='word_1_253' title='bbox 563 2077 569 2096; x_wconf 73' lang='grc' dir='ltr'>ε</span> <span class='ocrx_word' id='word_1_254' title='bbox 594 2070 667 2096; x_wconf 83' lang='lat' dir='ltr'>erat</span> <span class='ocrx_word' id='word_1_255' title='bbox 685 2065 807 2096; x_wconf 88' lang='lat' dir='ltr'>allatus</span> <span class='ocrx_word' id='word_1_256' title='bbox 828 2065 860 2095; x_wconf 88' lang='lat' dir='ltr'><em>U</em></span> <span class='ocrx_word' id='word_1_257' title='bbox 1064 2066 1096 2095; x_wconf 85' lang='lat' dir='ltr'>in</span> <span class='ocrx_word' id='word_1_258' title='bbox 1115 2076 1154 2095; x_wconf 89' lang='lat' dir='ltr'>ea</span> <span class='ocrx_word' id='word_1_259' title='bbox 1171 2065 1343 2096; x_wconf 85' lang='lat' dir='ltr'>ferebatur</span> <span class='ocrx_word' id='word_1_260' title='bbox 1362 2064 1430 2096; x_wconf 80' lang='lat' dir='ltr'>secl.</span> <span class='ocrx_word' id='word_1_261' title='bbox 1448 2065 1542 2105; x_wconf 78' lang='lat' dir='ltr'>Hqff-</span> 
     </span>
     <span class='ocr_line' id='line_1_32' title="bbox 217 2108 1542 2149; baseline 0.001 -12"><span class='ocrx_word' id='word_1_262' title='bbox 217 2118 321 2138; x_wconf 77' lang='lat' dir='ltr'>mmm</span> <span class='ocrx_word' id='word_1_263' title='bbox 339 2120 345 2138; x_wconf 91' lang='lat'><strong>:</strong></span> <span class='ocrx_word' id='word_1_264' title='bbox 369 2108 403 2138; x_wconf 91' lang='lat' dir='ltr'>in</span> <span class='ocrx_word' id='word_1_265' title='bbox 421 2120 460 2139; x_wconf 84' lang='lat' dir='ltr'>ea</span> <span class='ocrx_word' id='word_1_266' title='bbox 484 2109 662 2140; x_wconf 83' lang='lat' dir='ltr'>tenebatur</span> <span class='ocrx_word' id='word_1_267' title='bbox 679 2108 859 2149; x_wconf 75' lang='lat' dir='ltr'>Nipperdey</span> <span class='ocrx_word' id='word_1_268' title='bbox 981 2108 1152 2139; x_wconf 84' lang='lat' dir='ltr'>serebatur</span> <span class='ocrx_word' id='word_1_269' title='bbox 1170 2108 1340 2139; x_wconf 86' lang='lat' dir='ltr'>Lusitanis</span> <span class='ocrx_word' id='word_1_270' title='bbox 1356 2108 1542 2139; x_wconf 82' lang='lat' dir='ltr'>Mommsen</span> 
     </span>
     <span class='ocr_line' id='line_1_33' title="bbox 216 2152 1541 2192; baseline 0 -11"><span class='ocrx_word' id='word_1_271' title='bbox 216 2152 407 2187; x_wconf 76' lang='lat' dir='ltr'>Lusitanus,</span> <span class='ocrx_word' id='word_1_272' title='bbox 429 2163 521 2183; x_wconf 81' lang='lat' dir='ltr'>more</span> <span class='ocrx_word' id='word_1_273' title='bbox 539 2152 672 2183; x_wconf 86' lang='lat' dir='ltr'>militari</span> <span class='ocrx_word' id='word_1_274' title='bbox 696 2163 735 2183; x_wconf 77' lang='lat' dir='ltr'>ex</span> <span class='ocrx_word' id='word_1_275' title='bbox 748 2153 818 2183; x_wconf 83' lang='lat' dir='ltr'>eins</span> <span class='ocrx_word' id='word_1_276' title='bbox 841 2152 1009 2191; x_wconf 85' lang='lat' dir='ltr'>praesidio</span> <span class='ocrx_word' id='word_1_277' title='bbox 1028 2152 1206 2192; x_wconf 76' lang='lat' dir='ltr'>speculator</span> <span class='ocrx_word' id='word_1_278' title='bbox 1228 2153 1358 2192; x_wconf 77' lang='lat' dir='ltr'>missus,</span> <span class='ocrx_word' id='word_1_279' title='bbox 1378 2161 1452 2182; x_wconf 90' lang='lat' dir='ltr'>cum</span> <span class='ocrx_word' id='word_1_280' title='bbox 1477 2155 1541 2189; x_wconf 63' lang='lat' dir='ltr'>etc„</span> 
     </span>
     <span class='ocr_line' id='line_1_34' title="bbox 214 2194 1538 2234; baseline 0.001 -10"><span class='ocrx_word' id='word_1_281' title='bbox 214 2194 405 2234; x_wconf 80' lang='lat' dir='ltr'>Hoffmann</span> <span class='ocrx_word' id='word_1_282' title='bbox 541 2197 579 2226; x_wconf 85' lang='lat'>16</span> <span class='ocrx_word' id='word_1_283' title='bbox 604 2195 748 2226; x_wconf 86' lang='lat' dir='ltr'>difficilis</span> <span class='ocrx_word' id='word_1_284' title='bbox 772 2195 816 2227; x_wconf 90' lang='lat' dir='ltr'>V:</span> <span class='ocrx_word' id='word_1_285' title='bbox 851 2195 1029 2226; x_wconf 89' lang='lat' dir='ltr'>difficultas</span> <span class='ocrx_word' id='word_1_286' title='bbox 1048 2199 1111 2226; x_wconf 75' lang='lat' dir='ltr'><em>cett.</em></span> <span class='ocrx_word' id='word_1_287' title='bbox 1323 2199 1463 2234; x_wconf 85' lang='lat' dir='ltr'>propter</span> <span class='ocrx_word' id='word_1_288' title='bbox 1479 2219 1485 2225; x_wconf 88' lang='lat'>.</span> <span class='ocrx_word' id='word_1_289' title='bbox 1505 2218 1512 2225; x_wconf 91' lang='lat'><strong>.</strong></span> <span class='ocrx_word' id='word_1_290' title='bbox 1531 2219 1538 2226; x_wconf 91' lang='lat'>.</span> 
     </span>
     <span class='ocr_line' id='line_1_35' title="bbox 215 2237 1546 2278; baseline -0.001 -10"><span class='ocrx_word' id='word_1_291' title='bbox 215 2238 373 2268; x_wconf 87' lang='lat' dir='ltr'>celeriter</span> <span class='ocrx_word' id='word_1_292' title='bbox 389 2238 456 2269; x_wconf 69' lang='lat' dir='ltr'>scel.</span> <span class='ocrx_word' id='word_1_293' title='bbox 478 2239 594 2269; x_wconf 72' lang='lat' dir='ltr'>Dinter</span> <span class='ocrx_word' id='word_1_294' title='bbox 683 2240 722 2269; x_wconf 89' lang='lat'>18</span> <span class='ocrx_word' id='word_1_295' title='bbox 745 2240 890 2269; x_wconf 84' lang='lat' dir='ltr'>adducta</span> <span class='ocrx_word' id='word_1_296' title='bbox 903 2238 1042 2278; x_wconf 64' lang='lat' dir='ltr'>Madwg</span> <span class='ocrx_word' id='word_1_297' title='bbox 1106 2243 1141 2269; x_wconf 92' lang='lat' dir='ltr'>ut</span> <span class='ocrx_word' id='word_1_298' title='bbox 1157 2242 1185 2268; x_wconf 84' lang='lat' dir='ltr'>et</span> <span class='ocrx_word' id='word_1_299' title='bbox 1200 2238 1298 2277; x_wconf 89' lang='lat' dir='ltr'>pauci</span> <span class='ocrx_word' id='word_1_300' title='bbox 1316 2237 1388 2268; x_wconf 79' lang='lat' dir='ltr'>add.</span> <span class='ocrx_word' id='word_1_301' title='bbox 1404 2237 1546 2278; x_wconf 81' lang='lat' dir='ltr'>Madvig</span> 
     </span>
     <span class='ocr_line' id='line_1_36' title="bbox 219 2280 1542 2321; baseline 0 -10"><span class='ocrx_word' id='word_1_302' title='bbox 219 2291 256 2320; x_wconf 87' lang='lat'>19</span> <span class='ocrx_word' id='word_1_303' title='bbox 273 2287 414 2320; x_wconf 87' lang='lat' dir='ltr'>possent</span> <span class='ocrx_word' id='word_1_304' title='bbox 429 2282 480 2312; x_wconf 88' lang='lat' dir='ltr'>U:</span> <span class='ocrx_word' id='word_1_305' title='bbox 504 2282 734 2321; x_wconf 84' lang='lat' dir='ltr'>possuntDT‘</span> <span class='ocrx_word' id='word_1_306' title='bbox 823 2293 865 2312; x_wconf 87' lang='lat'>20</span> <span class='ocrx_word' id='word_1_307' title='bbox 882 2282 985 2313; x_wconf 87' lang='lat' dir='ltr'>nostri</span> <span class='ocrx_word' id='word_1_308' title='bbox 996 2281 1213 2321; x_wconf 87' lang='lat' dir='ltr'>depelluntur</span> <span class='ocrx_word' id='word_1_309' title='bbox 1227 2281 1274 2312; x_wconf 89' lang='lat' dir='ltr'>U:</span> <span class='ocrx_word' id='word_1_310' title='bbox 1293 2291 1354 2311; x_wconf 90' lang='lat' dir='ltr'>nos</span> <span class='ocrx_word' id='word_1_311' title='bbox 1365 2280 1542 2320; x_wconf 86' lang='lat' dir='ltr'>depellunt</span> 
     </span>
     <span class='ocr_line' id='line_1_37' title="bbox 214 2322 1542 2364; baseline -0.002 -9"><span class='ocrx_word' id='word_1_312' title='bbox 214 2325 269 2364; x_wconf 91' lang='lat' dir='ltr'>qui</span> <span class='ocrx_word' id='word_1_313' title='bbox 287 2328 350 2356; x_wconf 80' lang='lat' dir='ltr'>cett.</span> <span class='ocrx_word' id='word_1_314' title='bbox 488 2335 528 2355; x_wconf 88' lang='lat'>22</span> <span class='ocrx_word' id='word_1_315' title='bbox 551 2325 592 2355; x_wconf 91' lang='lat' dir='ltr'>ab</span> <span class='ocrx_word' id='word_1_316' title='bbox 614 2335 679 2356; x_wconf 82' lang='lat' dir='ltr'>om.</span> <span class='ocrx_word' id='word_1_317' title='bbox 699 2325 734 2355; x_wconf 90' lang='lat' dir='ltr'><em>D</em></span> <span class='ocrx_word' id='word_1_318' title='bbox 822 2326 908 2356; x_wconf 87' lang='lat' dir='ltr'>facto</span> <span class='ocrx_word' id='word_1_319' title='bbox 924 2324 993 2356; x_wconf 82' lang='lat' dir='ltr'>edd.</span> <span class='ocrx_word' id='word_1_320' title='bbox 1013 2336 1020 2355; x_wconf 72' lang='grc' dir='ltr'><strong><em>ε</em></strong></span> <span class='ocrx_word' id='word_1_321' title='bbox 1055 2325 1143 2355; x_wconf 88' lang='lat' dir='ltr'>sactu</span> <span class='ocrx_word' id='word_1_322' title='bbox 1163 2324 1213 2355; x_wconf 79' lang='lat' dir='ltr'>vel</span> <span class='ocrx_word' id='word_1_323' title='bbox 1230 2324 1318 2355; x_wconf 66' lang='lat' dir='ltr'>factfi</span> <span class='ocrx_word' id='word_1_324' title='bbox 1334 2322 1372 2353; x_wconf 89' lang='lat' dir='ltr'><em>X</em></span> <span class='ocrx_word' id='word_1_325' title='bbox 1500 2333 1542 2362; x_wconf 89' lang='lat'>23</span> 
     </span>
     <span class='ocr_line' id='line_1_38' title="bbox 216 2366 1541 2408; baseline -0.001 -10"><span class='ocrx_word' id='word_1_326' title='bbox 216 2368 397 2398; x_wconf 83' lang='lat' dir='ltr'>instituunt</span> <span class='ocrx_word' id='word_1_327' title='bbox 430 2367 623 2408; x_wconf 77' lang='lat' dir='ltr'>Nipperdey:</span> <span class='ocrx_word' id='word_1_328' title='bbox 650 2369 792 2399; x_wconf 87' lang='lat' dir='ltr'>instituit</span> <span class='ocrx_word' id='word_1_329' title='bbox 824 2366 862 2397; x_wconf 87' lang='lat' dir='ltr'><em>X</em></span> <span class='ocrx_word' id='word_1_330' title='bbox 1007 2378 1046 2406; x_wconf 87' lang='lat'>24</span> <span class='ocrx_word' id='word_1_331' title='bbox 1072 2378 1172 2407; x_wconf 88' lang='lat' dir='ltr'>pares</span> <span class='ocrx_word' id='word_1_332' title='bbox 1203 2366 1391 2398; x_wconf 77' lang='lat' dir='ltr'>Mommsen</span> <span class='ocrx_word' id='word_1_333' title='bbox 1480 2367 1541 2407; x_wconf 87' lang='lat' dir='ltr'>ex]</span> 
     </span>
     <span class='ocr_line' id='line_1_39' title="bbox 215 2412 303 2441; baseline 0.011 -1"><span class='ocrx_word' id='word_1_334' title='bbox 215 2417 247 2441; x_wconf 87' lang='lat' dir='ltr'>et</span> <span class='ocrx_word' id='word_1_335' title='bbox 270 2412 303 2441; x_wconf 87' lang='lat' dir='ltr'><em>U</em></span> 
     </span>
    </p>
   </div>
  </div>
 </body>
</html>
