1705 2729
460 526 519 577 C.
575 526 727 577 IVLI
780 524 1155 576 CAESARIS

577 657 1029 689 COMMENTARIORVM

407 766 524 823 DE
580 766 874 824 BELLO
929 766 1202 824 CIVILI

586 910 756 946 LIBER
794 910 1035 947 TERTIVS

196 1031 442 1068 chrATORE
480 1029 651 1067 habente
689 1028 848 1067 comitia
877 1030 1045 1068 Caesare
1075 1030 1258 1067 consules
1287 1035 1467 1067 creantur
1486 1037 1502 1063 1

142 1093 265 1132 Iulius
292 1096 436 1133 Caesar
465 1101 502 1131 et
533 1095 573 1131 P.
598 1092 807 1140 Servilius3
836 1092 866 1131 is
896 1093 1001 1131 enim
1028 1100 1109 1131 erat
1137 1106 1263 1131 annus
1291 1105 1369 1142 quo
1389 1105 1475 1142 ,12ssss

137 1158 307 1213 &gp-Spei
337 1159 539 1196 consulem
569 1158 651 1195 fieri
682 1157 823 1195 liceret.
896 1157 972 1195 His
999 1157 1114 1195 rebus
1144 1156 1343 1203 confectis,
1375 1170 1465 1194 cum
1488 1173 1502 1194 2

139 1223 237 1261 fides
275 1229 357 1261 tota
390 1221 502 1260 Italia
540 1229 641 1260 esset
671 1221 870 1271 angustior
904 1234 1033 1271 neque
1067 1220 1237 1259 creditae
1276 1220 1465 1270 pecuniae

100 1302 118 1334 5
139 1288 388 1333 solverentur,
423 1286 624 1325 constituit
656 1294 697 1324 ut
729 1285 861 1324 arbitri
891 1287 1099 1333 darentur3
1139 1299 1206 1335 per
1233 1298 1300 1323 eos
1330 1286 1465 1323 fierent

137 1352 427 1391 aestimationes
448 1351 742 1402 possessionum
764 1359 801 1390 et
822 1364 960 1397 rerum,
978 1350 1115 1400 quanti
1131 1363 1311 1400 quaeque
1332 1364 1463 1388 earum

136 1424 227 1455 ante
268 1418 413 1455 bellum
458 1417 603 1463 fuisset,
643 1424 761 1467 atque
807 1429 876 1455 eae
914 1415 1170 1455 creditoribus
1209 1417 1460 1454 traderentur.

139 1483 231 1520 Hoc
251 1489 288 1520 et
307 1483 358 1520 ad
379 1481 559 1520 timorem
584 1494 772 1520 novarum
799 1481 1020 1519 tabularum
1045 1481 1264 1519 tollendum
1286 1480 1462 1518 minuen-
1482 1492 1499 1521 3

136 1546 322 1596 dumque,
340 1546 406 1596 qui
419 1547 498 1585 fere
511 1547 613 1585 bella
633 1554 671 1584 et
691 1546 813 1584 civilis
834 1545 1098 1584 dissensiones
1118 1545 1229 1595 sequi
1245 1546 1459 1591 consuevit,

82 1624 118 1647 10
136 1617 174 1648 et
202 1612 253 1648 ad
282 1611 505 1649 debitorum
534 1612 722 1649 tuendam
748 1610 1074 1649 existimationem
1102 1623 1187 1648 esse
1215 1609 1460 1659 aptissimum

136 1673 377 1713 existimavit.
437 1677 539 1713 Item
559 1674 802 1724 praetoribus
823 1674 1067 1724 tribunisque
1094 1674 1219 1724 plebis
1240 1674 1460 1723 rogationes
1478 1692 1498 1720 4

135 1740 186 1776 ad
219 1740 410 1788 populum
437 1739 650 1777 ferentibus
682 1752 762 1777 non
794 1740 922 1777 nullos
954 1738 1125 1777 ambitus
1157 1738 1347 1788 Pompeia
1376 1740 1460 1788 lege

136 1804 342 1841 damnatos
358 1802 431 1841 illis
452 1803 693 1853 temporibus
714 1803 855 1853 quibus
878 1803 917 1841 in
937 1803 1033 1841 urbe
1053 1802 1246 1852 praesidia
1260 1803 1458 1852 legionum

136 1866 348 1916 Pompeius
368 1867 568 1914 habuerat,
590 1880 691 1917 quae
711 1866 855 1905 iudicia
874 1866 958 1905 aliis
978 1866 1230 1905 audientibus
1250 1866 1456 1913 iudicibus,

80 1945 115 1976 15
134 1930 219 1969 aliis
239 1931 471 1969 sententiam
499 1930 712 1970 ferentibus
739 1931 899 1980 singulis
926 1931 1066 1970 diebus
1087 1938 1195 1969 erant
1215 1932 1396 1980 perfecta,
1419 1931 1458 1968 in

135 1994 326 2045 integrum
351 1995 526 2042 restituit,
549 1995 615 2046 qui
636 2009 678 2034 se
697 1995 751 2033 illi
772 1995 883 2034 initio
904 1995 1025 2034 civilis
1054 1995 1144 2034 belli
1171 1996 1404 2042 obtulerant,
1427 1996 1458 2034 si

134 2072 204 2097 sua
232 2072 350 2109 opera
378 2059 417 2097 in
447 2060 551 2098 bello
574 2060 630 2098 uti
650 2061 776 2107 vellet,
798 2060 963 2110 proinde
991 2060 1203 2098 aestimans
1231 2073 1277 2098 ac
1304 2060 1335 2098 si
1365 2073 1457 2098 usus

134 2131 245 2171 esset,
278 2124 464 2174 quoniam
496 2124 555 2162 sui
588 2124 771 2163 fecissent
797 2132 1042 2174 potestatem.
1120 2126 1314 2163 Statuerat
1351 2125 1455 2163 enim
1478 2140 1493 2170 5

133 2187 238 2236 prius
257 2188 330 2226 hos
356 2187 502 2227 iudicio
525 2188 660 2238 populi
686 2189 830 2227 debere
854 2188 1001 2227 restitui
1025 2202 1143 2238 quam
1171 2178 1242 2227 suo
1263 2189 1456 2227 beneficio

175 2301 196 2329 9
219 2290 306 2321 bella
321 2292 343 2325 β
359 2302 365 2321 :
404 2291 525 2322 bellum
540 2290 586 2320 D'
722 2301 759 2330 13
784 2291 865 2322 urbe
883 2291 947 2321 L²z
989 2291 1104 2321 urbem
1127 2289 1164 2320 X
1296 2293 1334 2321 16
1360 2292 1454 2322 initio

137 2333 357 2364 Vascosanus:
394 2335 497 2365 inotio
513 2333 653 2365 DU‘T':
690 2334 780 2364 hotio
800 2334 843 2363 L¹
859 2346 864 2364 1
899 2335 967 2364 otio
986 2334 1029 2364 L2
1167 2335 1204 2364 18
1228 2335 1278 2364 sui
1297 2334 1453 2365 fecissent

133 2375 249 2406 scholia
265 2377 305 2407 ab
321 2377 457 2408 Hedicke
471 2376 573 2407 edita:
605 2377 817 2408 suffecissent
835 2376 870 2406 X
1004 2387 1042 2415 19
1066 2378 1128 2407 hos
1145 2377 1186 2407 L²
1201 2389 1207 2408 :
1233 2378 1294 2407 hoc
1311 2377 1347 2406 Χ
