1705 2729
568 97 610 135 C.
647 97 762 134 IVLI
795 97 1064 135 CAESARIS

153 214 209 244 tra
233 220 273 245 se
301 206 451 256 parari;
480 206 519 244 in
550 220 590 244 se
618 206 708 244 novi
735 206 885 255 generis
913 207 1073 257 imperia
1093 208 1288 255 constitui,
1313 218 1353 247 ut
1375 209 1477 247 idem

152 272 202 308 ad
230 278 360 320 portas
390 270 547 309 urbanis
579 270 797 320 praesideat
831 272 945 309 rebus
972 279 1010 309 et
1040 273 1137 310 duas
1167 273 1480 311 bellicosissimas

114 351 133 381 9
153 335 371 384 provincias
401 336 542 373 absens
573 342 630 373 tot
659 348 783 373 annos
814 336 1013 383 obtineat3
1046 336 1086 374 in
1113 350 1154 375 se
1180 337 1261 374 iura
1289 338 1482 387 magistra-

153 406 264 436 tuum
295 399 537 445 commutari,
565 413 614 437 ne
644 413 690 437 ex
723 407 901 448 praetura
930 408 968 438 et
997 403 1213 448 consulatu,
1245 410 1287 439 ut
1317 415 1478 452 semper,

153 465 222 502 sed
244 477 311 513 per
331 477 477 513 paucos
498 464 651 513 probati
681 472 719 502 et
743 464 856 502 electi
882 464 922 502 in
949 465 1167 514 provincias
1187 466 1389 504 mittantur
1404 482 1413 513 3
1443 467 1481 504 in
1503 478 1518 506 5

154 542 194 567 se
214 528 350 567 aetatis
372 529 663 567 excusationem
684 529 781 566 nihil
802 531 938 575 valere,
958 531 1066 578 quod
1087 530 1350 580 superioribus
1370 532 1481 569 bellis

96 607 132 628 10
154 593 306 642 probati
332 594 383 631 ad
413 593 651 632 obtinendos
681 592 870 631 exercitus
900 602 1136 642 evocentur3
1172 594 1212 632 in
1237 607 1278 633 se
1301 609 1381 633 uno
1402 609 1482 634 non

154 657 293 696 servari
325 659 433 707 quod
464 658 511 696 sit
541 658 725 696 omnibus
755 660 891 697 datum
921 672 1074 710 semper
1102 659 1410 710 imperatoribus,
1441 670 1483 699 ut

154 723 269 760 rebus
296 722 458 761 feliciter
485 723 602 772 gestis
631 731 698 761 aut
727 717 817 761 cur'n
847 724 996 763 honore
1025 724 1157 774 aliquo
1183 733 1250 763 aut
1275 734 1379 764 certe
1399 726 1482 764 sine

154 786 368 835 ignominia
419 787 583 825 domum
636 795 874 826 revertantur
930 789 1220 839 exercitumque
1272 789 1479 828 dimittant.
1505 803 1542 825 10

97 866 127 886 ιι
155 851 268 898 Quae
296 858 427 888 tamen
454 851 587 890 omnia
615 859 653 890 et
683 865 723 890 se
753 852 885 891 tulisse
912 853 1103 902 patienter
1129 861 1167 892 et
1187 867 1271 892 esse
1291 856 1484 902 laturum3

155 928 284 964 neque
308 929 413 954 nunc
439 915 479 954 id
506 929 618 966 agere
643 924 685 955 ut
711 918 761 955 ab
782 917 855 954 illis
876 918 1092 955 abductum
1117 918 1328 957 exercitum
1353 926 1483 958 teneat

154 980 247 1030 ipse,
276 982 384 1030 quod
411 988 543 1020 tamen
575 981 649 1020 sibi
680 981 837 1020 difficile
864 996 944 1021 non
971 982 1029 1028 sit,
1057 984 1126 1021 sed
1154 997 1203 1022 ne
1229 983 1283 1021 illi
1312 984 1483 1022 habeant

97 1062 131 1083 12
154 1058 234 1094 quo
263 1052 398 1083 contra
427 1058 468 1084 se
497 1045 553 1084 uti
582 1046 743 1096 possint.
804 1046 983 1093 Proinde,
1010 1054 1053 1085 ut
1082 1055 1183 1086 esset
1212 1047 1372 1094 dictum,
1399 1062 1484 1098 pro-

154 1108 290 1147 vinciis
320 1110 554 1148 excederent
586 1110 877 1160 exercitumque
911 1110 1152 1149 dimitterent
1170 1126 1180 1159 ;
1217 1111 1247 1149 si
1282 1112 1321 1150 id
1353 1112 1401 1150 sit
1432 1114 1483 1150 fa·
1505 1126 1541 1157 15

154 1181 271 1220 ctum,
296 1187 336 1212 se
364 1174 585 1212 nociturum
613 1175 771 1213 nemini.
834 1177 951 1213 Hanc
978 1188 1097 1213 unam
1125 1184 1241 1225 atque
1271 1184 1482 1215 extremam

156 1251 240 1276 esse
260 1238 366 1287 pacis
387 1238 675 1277 condicionem.

82 1308 137 1347 86
212 1303 260 1340 Id
281 1315 372 1340 vero
399 1302 586 1341 militibus
614 1303 684 1341 fuit
709 1311 927 1353 pergratum
956 1311 994 1342 et
1019 1303 1246 1350 iucundum,
1270 1312 1312 1342 ut
1336 1318 1381 1343 ex
1401 1305 1485 1354 ipsa

157 1366 439 1416 significatione
469 1367 654 1417 cognosci
688 1368 824 1417 potuit,
858 1375 909 1414 ut,
942 1368 1009 1418 qui
1041 1368 1189 1417 aliquid
1218 1368 1307 1407 iusti
1339 1369 1484 1407 incom-

156 1431 264 1469 modi
307 1431 644 1482 exspectavissent,
687 1434 787 1471 ultro
829 1433 1044 1482 praemium
1091 1432 1286 1471 missionis
1330 1434 1480 1471 ferrent.
1505 1447 1545 1469 20

120 1511 133 1531 2
157 1497 260 1533 Nam
285 1509 375 1534 cum
406 1497 456 1535 de
486 1498 574 1535 loco
603 1504 641 1536 et
670 1498 720 1535 de
749 1504 925 1547 tempore
955 1497 1038 1535 eius
1066 1497 1118 1535 rei
1146 1497 1407 1535 controversia
1431 1497 1484 1534 in-

156 1562 324 1607 ferretur,
355 1568 393 1599 et
422 1574 518 1600 voce
548 1569 586 1600 et
616 1562 797 1600 manibus
829 1562 997 1600 universi
1029 1575 1075 1600 ex
1105 1564 1215 1608 vallo,
1248 1561 1315 1600 ubi
1345 1562 1485 1600 consti—

156 1632 290 1671 terant,
315 1625 530 1674 significare
557 1633 781 1675 coeperunt,
805 1633 847 1664 ut
878 1626 1007 1664 statim
1035 1626 1332 1672 dimitterentur,
1356 1639 1484 1675 neque

156 1689 264 1728 omni
284 1689 512 1740 interposita
538 1691 616 1729 fide
644 1691 797 1729 firmum
826 1704 910 1730 esse
935 1704 1059 1741 posse,
1084 1691 1114 1728 si
1141 1690 1180 1728 in
1205 1690 1310 1729 aliud
1330 1698 1485 1741 tempus

119 1763 136 1792 3
155 1754 381 1792 differretur.
442 1754 580 1793 Paucis
612 1769 701 1793 cum
738 1764 838 1796 esset
870 1758 908 1795 in
944 1765 1149 1807 utramque
1181 1764 1329 1807 partem
1358 1755 1485 1794 verbis
1507 1770 1544 1801 25

155 1818 407 1868 disputatum,
432 1832 490 1856 res
511 1821 587 1857 huc
609 1822 817 1860 deducitur
845 1831 887 1861 ut
908 1823 941 1861 ei
964 1823 1030 1872 qui
1051 1823 1221 1861 habeant
1242 1820 1484 1860 domicilium

155 1889 221 1920 aut
259 1883 546 1932 possessionem
588 1885 626 1922 in
668 1887 863 1937 Hispania
901 1887 1041 1933 statim,
1078 1886 1215 1936 reliqui
1253 1887 1304 1923 ad
1337 1887 1485 1922 Varum

118 1961 135 1987 4
156 1947 303 1985 fiumen
330 1947 576 1986 dimittantur
591 1965 601 1997 3
630 1965 679 1989 ne
706 1951 801 2001 quid
829 1951 883 1990 eis
911 1958 1097 1989 noceatur
1123 1964 1200 1988 neu
1230 1949 1316 1999 quis
1343 1948 1486 1987 invitus

156 2019 443 2051 sacramentum
465 2014 595 2053 dicere
617 2023 776 2066 cogatur
796 2030 818 2054 a
839 2017 1006 2055 Caesare
1026 2022 1192 2054 cavetur.

201 2129 220 2148 2
245 2119 381 2150 urbanis
405 2121 598 2160 praesideat
616 2120 749 2151 Aldus:
789 2120 926 2151 urbanis
948 2119 1116 2159 praesidia
1135 2117 1334 2157 (praesidiat
1351 2116 1415 2148 Lr
1440 2118 1485 2150 B:

158 2162 286 2192 urbam]
312 2164 479 2202 praesidia
504 2164 549 2193 D'
704 2174 723 2202 3
748 2174 855 2194 annos
880 2163 986 2193 D'L‘:
1020 2163 1115 2193 annis
1145 2161 1181 2192 T'
1334 2171 1353 2198 4
1377 2165 1412 2191 ut
1441 2162 1484 2194 B:

158 2207 187 2235 &
207 2204 250 2234 D'
405 2217 424 2246 5
449 2208 508 2238 sed
535 2206 664 2238 Aldus:
701 2207 744 2237 sit
768 2206 874 2238 D'L':
913 2206 950 2235 fit
978 2205 1013 2235 T'
1121 2203 1301 2272 fue{tquod
1320 2202 1376 2234 X:
1403 2204 1483 2242 quin

154 2283 257 2321 J11r1'n
453 2293 490 2322 15
517 2283 543 2313 si
560 2283 593 2314 id
611 2283 653 2313 sit
669 2282 800 2314 Aldus:
826 2283 886 2313 sed
903 2283 931 2312 si
949 2283 982 2312 id
999 2282 1043 2312 sit
1061 2280 1108 2319 (id
1125 2282 1168 2310 sit
1210 2278 1252 2319 V)
1270 2278 1308 2309 X
1449 2289 1486 2317 19

159 2327 235 2356 iusti
259 2327 313 2358 T':
339 2327 418 2357 victi
436 2330 498 2357 cett.
637 2328 678 2356 28
702 2326 798 2367 quid]
816 2326 872 2365 qui
891 2325 954 2357 L¹:
980 2326 1031 2356 cui
1051 2324 1078 2353 L
1097 2334 1173 2354 corr.
1309 2332 1351 2361 29
1375 2332 1484 2352 sacra-

160 2375 311 2401 mentum
336 2370 390 2402 T‘:
415 2373 626 2400 sacramento
645 2372 706 2399 cett.
