1705 2729
113 811 150 833 10

107 1452 146 1474 20

106 1772 143 1804 25

470 115 544 151 DE
576 114 755 153 BELLO
786 114 962 153 CIVILI
996 115 1096 150 LIB.
1131 115 1196 150 ΙΙΙ

174 237 241 273 per
261 224 395 262 orbem
417 230 601 261 terrarum
628 222 929 272 percrebruisset
956 222 1064 260 illum
1091 236 1114 260 a
1134 223 1301 261 Caesare
1321 221 1491 260 obsideri

172 301 299 337 neque
319 289 462 326 audere
486 287 633 337 proelio
653 286 848 325 dimicare.

226 350 436 400 Pompeius
463 364 591 400 neque
615 364 637 389 a
663 350 758 388 mari
784 350 1078 400 Dyrrachioque
1101 350 1303 389 discedere
1323 351 1489 397 volebat,
1510 361 1564 398 44

171 416 278 464 quod
299 428 457 453 omnem
478 422 706 465 apparatum
726 414 828 461 belli,
848 416 934 462 tela,
952 428 1069 462 arma,
1088 422 1283 453 tormenta
1301 414 1356 453 ibi
1376 416 1492 452 collo-

169 486 322 517 caverat
341 480 658 529 frumentumque
679 479 861 517 exercitui
885 479 1050 517 navibus
1076 480 1340 529 supportabat,
1363 493 1492 529 neque

170 543 406 582 munitiones
436 543 612 583 Caesaris
642 543 849 593 prohibere
881 550 1042 592 poterat,
1076 542 1149 581 nisi
1182 542 1330 593 proelio
1363 544 1493 581 decer-

169 614 248 646 tare
279 609 394 646 vellet
411 622 421 654 3
459 608 567 656 quod
605 620 652 645 eo
690 614 866 656 ternpore
900 614 1085 645 statuerat
1123 620 1204 645 non
1235 620 1319 645 esse
1352 606 1492 644 facien-

168 672 274 710 dum.
334 671 645 721 Relinquebatur
677 678 720 709 ut
747 678 958 709 extremam
985 670 1175 709 rationem
1201 671 1294 709 belli
1324 684 1491 720 sequens
1513 685 1527 704 2

169 749 286 785 quam
329 735 516 785 plurimos
554 735 663 773 collis
701 742 910 785 occuparet
949 742 987 773 et
1028 748 1146 785 quam
1188 735 1393 773 latissimas
1438 749 1492 773 re-

167 799 302 849 giones
334 799 533 849 praesidiis
563 806 711 838 teneret
739 798 995 848 Caesarisque
1019 799 1151 849 copias
1178 812 1296 849 quam
1324 798 1491 837 maxime

168 870 300 913 posset
339 862 567 910 distineret3
615 863 734 913 idque
779 863 932 901 accidit.
1004 863 1182 903 Castellis
1221 863 1325 902 enim
1364 875 1529 909 XX11113

168 926 313 965 effectis
353 938 409 964 xv
448 927 553 965 milia
591 940 776 977 passuum
815 926 976 965 circuitu
1015 929 1217 977 amplexus
1256 929 1332 965 hoc
1365 926 1490 977 spatio

168 991 451 1040 pabulabatur,
486 992 686 1040 multaque
716 998 824 1029 erant
853 991 952 1029 intra
981 1005 1070 1029 eum
1101 993 1232 1029 locum
1260 1004 1379 1029 manu
1408 998 1491 1029 sata

168 1053 310 1103 quibus
331 1053 483 1092 interim
505 1054 677 1093 iumenta
698 1062 882 1105 pasceret.
933 1057 1064 1104 Atque
1081 1062 1122 1093 ut
1142 1054 1263 1093 nostri
1284 1062 1490 1105 perpetuas
1509 1073 1528 1102 4

168 1117 405 1156 munitiones
437 1118 671 1157 †videbant†
702 1120 910 1168 perductas
949 1132 995 1157 ex
1036 1119 1203 1157 castellis
1242 1118 1281 1156 in
1315 1119 1491 1169 proxima

166 1183 332 1228 castella,
374 1195 423 1220 ne
462 1195 541 1231 quo
579 1183 666 1220 loco
706 1189 953 1232 erumperent
986 1182 1215 1232 Pompeiani
1253 1196 1299 1221 ac
1337 1191 1491 1222 nostros

166 1253 255 1295 post
279 1253 428 1296 tergum
457 1246 700 1284 adorirentur
730 1244 964 1298 [timebant]‚
988 1246 1041 1284 ita
1070 1246 1123 1284 illi
1153 1246 1334 1285 interiore
1365 1247 1490 1297 spatio

165 1317 370 1360 perpetuas
409 1310 646 1349 munitiones
684 1310 914 1358 efficiebant,
956 1324 1005 1349 ne
1043 1324 1161 1360 quem
1200 1312 1330 1349 locum
1369 1311 1490 1349 nostri

166 1372 305 1412 intrare
333 1382 451 1424 atque
479 1374 584 1424 ipsos
613 1388 635 1412 a
665 1382 771 1425 tergo
800 1374 1078 1413 circumvenire
1108 1383 1277 1425 possent.
1337 1377 1415 1414 Sed
1436 1375 1490 1414 illi
1509 1388 1526 1419 5

165 1438 347 1487 operibus
367 1438 585 1486 vincebant,
610 1440 717 1489 quod
738 1447 776 1478 et
802 1452 966 1478 numero
987 1439 1152 1477 militum
1182 1441 1431 1490 praestabant
1452 1448 1489 1479 et

164 1501 345 1541 interiore
375 1503 500 1552 spatio
530 1503 721 1542 minorem
751 1503 955 1542 circuitum
985 1504 1194 1542 habebant.
1255 1506 1369 1553 Quae
1397 1518 1488 1543 cum
1508 1514 1527 1544 6

164 1574 272 1604 erant
300 1568 386 1605 loca
410 1567 567 1606 Caesari
594 1567 795 1617 capienda,
825 1567 897 1606 etsi
923 1567 1129 1617 prohibere
1160 1568 1371 1617 Pompeius
1398 1568 1489 1607 totis

164 1630 285 1680 copiis
306 1638 344 1669 et
364 1630 549 1669 dimicare
569 1645 650 1669 non
670 1631 933 1677 constituerat,
957 1639 1089 1669 tamen
1110 1631 1188 1669 suis
1216 1631 1311 1670 locis
1338 1631 1489 1681 sagitta-

163 1694 239 1732 rios
286 1695 581 1745 funditoresque
628 1695 816 1743 mittebat‚
868 1709 1035 1745 quorum
1083 1709 1269 1745 magnum
1317 1697 1488 1734 habebat

163 1771 380 1806 numerum,
414 1759 605 1809 multique
643 1774 690 1798 ex
728 1760 869 1799 nostris
903 1760 1206 1798 vulnerabantur
1244 1773 1488 1811 magnusque

162 1823 372 1862 incesserat
392 1824 506 1862 timor
532 1825 755 1875 sagittarum
780 1832 897 1875 atque
923 1838 1061 1863 omnes
1081 1826 1160 1863 fere
1189 1824 1330 1863 milites
1354 1833 1420 1863 aut
1441 1839 1487 1863 ex

163 1888 306 1926 coactis
326 1896 392 1926 aut
413 1903 459 1927 ex
478 1889 711 1928 centonibus
730 1897 797 1928 aut
817 1903 864 1928 ex
882 1888 996 1928 coriis
1017 1888 1168 1927 tunicas
1188 1897 1255 1927 aut
1276 1888 1486 1939 tegimenta

161 1953 332 1990 fecerant
352 1953 494 2002 quibus
518 1955 594 1992 tela
613 1954 786 1992 vitarent.

216 2018 264 2054 In
295 2017 535 2068 occupandis
572 2018 773 2068 praesidiis
811 2032 952 2068 magna
989 2018 1026 2056 vi
1064 2026 1227 2068 uterque
1265 2018 1483 2057 nitebatur:
1503 2032 1555 2071 45

206 2131 222 2159 7
249 2121 437 2152 faciendum
454 2132 522 2152 non
539 2131 614 2152 esse
631 2125 797 2152 statuerat
818 2121 858 2151 U'
1031 2130 1068 2160 15
1092 2121 1250 2151 videbant
1266 2119 1322 2152 X:
1346 2132 1389 2152 cm
1407 2132 1484 2160 pro-

160 2164 339 2196 videbant?
364 2164 592 2195 secludendum
603 2165 730 2195 videtur
829 2165 867 2194 16
892 2174 1004 2203 nequo
1018 2164 1046 2193 L
1058 2175 1136 2194 corr.
1151 2175 1156 2193 ε
1184 2174 1293 2202 neque
1304 2166 1326 2198 β
1340 2176 1346 2193 z
1373 2175 1483 2203 neque

162 2217 205 2237 ne
221 2218 287 2246 quo
300 2207 470 2238 Buecheler
579 2218 616 2247 17
635 2208 797 2238 timebant
813 2208 879 2238 secl.
894 2207 1043 2238 Faernus
1155 2209 1193 2238 18
1218 2218 1261 2237 ne
1279 2217 1376 2245 quem
1393 2207 1480 2238 codd.

161 2249 269 2281 Petav.
284 2254 312 2280 et
326 2251 432 2282 Cm'ac.
449 2262 454 2282 :
488 2261 599 2290 neque
615 2254 637 2285 β
757 2260 794 2280 21
822 2251 918 2289 Quae
936 2261 1010 2281 cum
1027 2249 1084 2281 X:
1107 2261 1208 2290 quarn
1225 2261 1310 2290 quae
1326 2251 1481 2290 Kraffen‘,

163 2304 256 2332 quem
281 2294 330 2324 hic
346 2297 471 2324 secutus
493 2294 617 2324 Kz'ibler
636 2295 668 2324 in
686 2305 721 2323 m
738 2294 847 2332 Quem
870 2294 931 2325 etsi
952 2294 1058 2324 scribit
1245 2304 1288 2333 29
1312 2294 1482 2324 nitebatur

162 2336 246 2367 codd.
265 2336 373 2367 Petav.
393 2341 420 2367 ct
437 2337 544 2368 Cztz'czc.
559 2348 565 2366 z
592 2337 771 2368 uidebatur
786 2339 808 2371 B
