1705 2729
606 142 649 180 C.
685 143 799 180 IVLI
832 143 1100 181 CAESARIS

193 252 262 289 sed
283 251 399 289 etiam
421 264 466 289 ex
488 264 627 300 magna
648 260 755 301 parte
776 254 1011 302 compellare
1037 262 1154 303 atque
1175 264 1365 294 errantem
1387 269 1517 306 regere

192 322 349 364 posset,
388 328 567 365 praeesse
600 323 730 354 autem
770 329 841 354 suo
875 317 1035 355 nomine
1068 319 1261 366 exercitui,
1293 328 1335 357 ut
1368 328 1518 370 praeter

153 388 173 418 4
192 378 463 416 auctoritatem
483 379 582 417 vires
610 392 768 429 quoque
797 382 848 419 ad
877 383 1139 420 coercendum
1167 384 1336 422 haberet.
1396 386 1517 433 Quod

192 442 223 479 si
255 442 420 489 fecisset,
454 443 626 492 quietem
661 444 806 491 Italiae,
844 458 981 494 pacem
1020 446 1316 495 provinciarum,
1353 450 1517 486 salutern

153 517 170 546 5
192 505 329 555 imperi
352 506 419 544 uni
449 507 577 545 omnis
603 516 806 557 acceptam
836 510 1032 547 relaturos.
1094 512 1206 549 Haec
1231 513 1280 550 ad
1301 526 1391 550 eum
1413 526 1518 551 man·
1539 530 1556 561 5

191 570 282 608 data
303 570 467 609 Clodius
495 573 608 609 refert
631 585 676 610 ac
707 572 840 622 primis
867 573 1017 619 diebus,
1046 581 1087 611 ut
1113 575 1327 622 videbatur,
1353 576 1518 615 libenter

190 634 346 673 auditus
384 635 542 685 reliquis
580 638 631 675 ad
670 637 909 687 colloquium
954 651 1033 676 non
1077 639 1294 678 admittitur
1331 641 1518 691 castigato

191 699 374 749 Scipione
394 713 416 738 a
438 700 623 747 Favonio,
647 708 688 739 ut
718 710 853 750 postea
880 705 1061 741 confecto
1089 704 1192 742 bello
1216 705 1514 754 reperiebamus,

190 763 412 813 infectaque
433 779 472 803 re
493 778 577 803 sese
597 767 648 803 ad
670 767 878 805 Caesarem
899 768 1053 816 recepit.

119 823 170 871 58
245 828 389 866 Caesar
423 842 502 877 quo
541 829 690 867 facilius
725 830 941 880 equitatum
975 832 1258 882 Pompeianum
1293 835 1343 872 ad
1379 835 1516 883 Dyrra·
1537 850 1576 871 10

190 890 323 929 chium
355 892 573 931 contineret
607 901 645 932 et
683 894 936 943 pabulatione
974 896 1207 945 prohiberet,
1240 897 1368 935 aditus
1402 899 1513 944 duos,

191 968 290 1005 quos
317 969 402 995 esse
428 964 613 1006 angustos
643 959 1008 1005 demonstravimus,
1031 961 1180 1011 magnis
1204 961 1386 1011 operibus
1412 976 1518 1012 prae-

154 1035 169 1055 2
192 1020 356 1058 munivit
387 1023 624 1071 castellaque
654 1022 713 1060 his
743 1022 838 1061 locis
877 1023 1016 1073 posuit.
1077 1025 1287 1074 Pompeius
1318 1025 1387 1064 ubi
1420 1026 1516 1064 nihil

190 1084 325 1133 profici
357 1085 531 1134 equitatu
564 1086 757 1136 cognovit,
789 1087 923 1137 paucis
954 1087 1182 1127 intermissis
1215 1089 1354 1128 diebus
1387 1103 1516 1129 rursus

151 1160 168 1190 3
190 1162 279 1186 eum
308 1149 472 1187 navibus
499 1151 549 1188 ad
577 1163 618 1189 se
648 1150 746 1189 intra
776 1151 1013 1190 munitiones
1037 1152 1190 1202 recepit.
1252 1156 1343 1192 Erat
1363 1167 1516 1193 summa
1538 1170 1575 1203 15

190 1212 322 1262 inopia
341 1213 485 1262 pabuli,
508 1215 610 1252 adeo
640 1222 682 1252 ut
708 1214 810 1253 foliis
839 1228 886 1253 ex
908 1215 1112 1255 arboribus
1141 1217 1281 1256 strictis
1310 1225 1348 1256 et
1374 1218 1516 1257 teneris

189 1277 454 1316 harundinum
496 1278 693 1317 radicibus
731 1280 905 1318 contusis
943 1293 1066 1330 equos
1103 1282 1277 1328 alerent‚·
1323 1283 1518 1321 frumenta

189 1341 294 1380 enim
333 1355 435 1391 quae
473 1343 625 1381 fuerant
662 1343 762 1382 intra
800 1344 1038 1383 munitiones
1069 1352 1151 1383 sata
1181 1354 1514 1396 consumpserant.

150 1422 171 1452 4
190 1407 443 1455 Cogebantur
464 1408 634 1456 Corcyra
656 1415 774 1457 atque
795 1409 1015 1447 Acarnania
1042 1411 1159 1459 longo
1186 1409 1388 1449 interiecto
1414 1410 1518 1449 navi-

189 1469 355 1519 gationis
389 1471 516 1519 spatio
546 1472 735 1521 pabulum
769 1480 1006 1522 supportare,
1042 1486 1200 1523 quoque
1238 1482 1318 1512 erat
1349 1474 1432 1512 eius
1463 1473 1517 1512 rei
1537 1487 1577 1510 20

192 1534 318 1572 minor
341 1534 465 1584 copia,
493 1536 642 1574 hordeo
671 1537 865 1586 adaugere
892 1544 1011 1587 atque
1040 1537 1099 1576 his
1128 1538 1343 1576 rationibus
1373 1538 1519 1588 equita-

152 1613 169 1644 5
191 1604 275 1635 turn
296 1599 468 1637 tolerare.
529 1601 606 1638 Sed
628 1607 837 1650 postquam
857 1614 938 1639 non
962 1602 1083 1640 modo
1104 1603 1294 1640 hordeum
1315 1603 1520 1652 pabulum-

190 1675 267 1712 que
294 1662 478 1701 omnibus
505 1663 601 1702 locis
632 1664 855 1714 herbaeque
884 1666 1065 1704 desectae
1096 1667 1165 1704 sed
1194 1666 1310 1704 etiam
1338 1668 1443 1704 frons
1473 1680 1519 1705 ex

190 1726 393 1765 arboribus
423 1727 641 1775 deficiebat,
674 1728 864 1779 corruptis
894 1729 1004 1778 equis
1035 1730 1159 1768 macie
1188 1731 1414 1769 conandum
1444 1730 1517 1769 sibi

191 1790 339 1840 aliquid
361 1791 572 1841 Pompeius
593 1793 644 1830 de
664 1793 868 1843 eruptione
889 1794 1129 1832 existimavit.
1539 1816 1577 1848 25

116 1869 172 1907 59
247 1857 368 1893 Erant
394 1857 501 1905 apud
522 1858 732 1896 Caesarem
763 1858 802 1895 in
828 1858 1004 1907 equitum
1035 1872 1200 1898 numero
1227 1860 1459 1910 Allobroges
1487 1872 1515 1898 11

191 1920 335 1966 fratres,
360 1920 564 1958 Roucillus
586 1928 624 1959 et
645 1923 762 1972 Egus,
784 1922 985 1960 Adbucilli
1006 1922 1086 1970 filii,
1108 1923 1175 1972 qui
1196 1923 1456 1973 principatum
1477 1923 1516 1961 in

190 1982 345 2021 civitate
375 1983 506 2022 multis
535 1984 648 2022 annis
678 1985 910 2032 obtinuerat,
943 1986 1126 2036 singulari
1155 1986 1294 2025 virtute
1323 1987 1514 2034 homines,

191 2060 358 2096 quorum
383 2060 502 2098 opera
523 2049 668 2088 Caesar
693 2050 877 2088 omnibus
899 2050 1059 2088 Gallicis
1086 2050 1197 2089 bellis
1221 2051 1370 2101 optima
1396 2051 1518 2090 fortis-

156 2126 171 2147 2
192 2111 369 2161 simaque
395 2120 475 2151 erat
502 2126 605 2152 usus.
666 2114 742 2152 His
771 2114 881 2153 domi
910 2116 963 2152 ob
992 2117 1061 2153 has
1091 2128 1226 2153 causas
1256 2115 1517 2165 amplissimos
1537 2125 1578 2157 30

193 2175 436 2225 magistratus
454 2179 707 2217 mandaverat
725 2187 844 2229 atque
865 2192 932 2217 eos
953 2187 1058 2217 extra
1078 2179 1256 2218 ordinem
1277 2180 1316 2218 in
1336 2188 1516 2219 senatum

238 2288 251 2308 1
279 2263 482 2317 compellere
505 2280 536 2310 V
644 2291 663 2319 5
689 2281 809 2320 imperi
831 2280 1053 2311 Vascosanus:
1079 2282 1220 2321 imperio
1237 2281 1274 2311 X
1359 2292 1401 2321 23
1426 2283 1517 2313 frons

194 2320 371 2352 Cellarius:
396 2322 525 2353 fructus
542 2321 593 2353 X:
619 2323 687 2354 frus
704 2323 876 2355 Buecheler
1013 2326 1055 2355 26
1078 2325 1110 2355 in
1134 2325 1178 2354 V:
1209 2336 1249 2355 ex
1268 2324 1328 2354 L':
1357 2336 1422 2356 om.
1441 2325 1523 2356 D'T

193 2373 232 2402 27
260 2364 448 2406 Roucillus]
469 2365 645 2397 Raueillus
668 2366 703 2396 T‘
804 2367 958 2398 Albucilli
980 2367 1010 2397 V
