1705 2729
571 135 615 172 C.
650 134 765 171 IVLI
799 133 1067 172 CAESARIS

159 248 205 281 †a
229 244 445 283 valeribus³r
470 245 578 293 quod
607 245 824 293 appellatur
850 245 975 289 chara,
1006 244 1114 292 quod
1143 243 1361 281 admixtum
1389 244 1489 281 lacte

159 309 325 345 multum
347 307 521 357 inopiam
542 307 705 345 levabat.
768 308 816 345 Id
836 308 887 345 ad
907 306 1203 344 similitudinem
1225 306 1336 357 panis
1352 306 1490 345 efficie-

122 384 135 404 2
158 371 262 409 bant.
324 371 418 409 Eius
439 380 520 410 erat
541 385 681 422 magna
702 371 825 421 copia.
887 374 946 409 Ex
969 372 1045 409 hoc
1067 372 1226 409 effectos
1253 371 1375 421 panis,
1398 384 1489 409 cum

158 435 198 473 in
219 436 424 486 colloquiis
447 436 677 485 Pompeiani
699 437 842 474 famem
866 436 1008 474 nostris
1035 435 1289 483 obiectarem,
1312 437 1429 486 vulgo
1449 435 1489 473 in

160 513 227 538 eos
248 500 451 547 iaciebant,
476 508 518 538 ut
537 513 648 550 spem
669 514 804 539 eorum
826 500 1056 538 minuerent.

81 572 137 609 49
214 565 379 614 Iamque
419 566 614 603 frumenta
658 572 918 603 maturescere
963 564 1205 614 incipiebant
1249 572 1368 614 atque
1406 563 1490 614 ipsa

157 641 246 678 spes
267 628 440 679 inopiam
458 630 710 676 sustentabat,
730 630 839 679 quod
859 628 1033 667 celeriter
1054 642 1095 667 se
1115 628 1317 667 habituros
1333 628 1488 678 copiam

156 693 411 731 confidebant
425 708 435 741 3
467 695 704 744 crebraeque
725 707 841 733 voces
862 693 1029 732 militurn
1051 693 1090 731 in
1111 693 1249 743 vigiliis
1269 693 1489 743 colloquiis-

156 770 234 806 que
271 758 532 796 audiebantur
570 758 676 809 prius
719 772 760 797 se
805 758 949 797 cortice
992 773 1038 796 ex
1077 758 1280 797 arboribus
1318 757 1488 797 victuros

118 841 132 861 2
156 836 274 872 quarn
297 823 532 874 Pompeium
553 837 575 862 e
596 823 777 862 manibus
798 823 1037 862 dimissuros.
1099 823 1284 861 Libenter
1304 822 1421 861 etiam
1443 836 1489 861 ex

155 887 324 938 perfugis
355 889 648 938 cognoscebant
687 902 810 938 equos
850 902 985 927 eorum
1020 887 1183 935 tolerari,
1216 888 1363 938 reliqua
1397 901 1489 926 vero

154 950 328 990 iumenta
362 952 540 991 interisse
557 967 566 1001 3
610 952 663 990 uti
703 960 835 991 autem
870 952 975 1002 ipsos
1010 951 1233 990 valetudine
1271 965 1353 991 non
1383 953 1490 990 bona

153 1030 244 1054 cum
264 1016 451 1067 angustiis
473 1017 549 1055 loci
569 1025 607 1055 et
623 1019 744 1056 odore
765 1025 888 1056 taetro
909 1031 955 1055 ex
982 1016 1233 1055 multitudine
1254 1018 1487 1056 cadaverum

154 1088 192 1118 et
222 1080 429 1120 cotidianis
453 1081 653 1120 laboribus
674 1081 848 1120 insuetos
873 1094 1048 1131 operum,
1071 1089 1154 1119 tum
1182 1095 1308 1131 aquae
1334 1094 1489 1119 summa

117 1157 133 1187 3
154 1145 286 1195 inopia
316 1147 503 1184 adfectos.
564 1146 709 1185 Omnia
743 1146 848 1185 enim
882 1146 1045 1184 flumina
1075 1153 1193 1196 atque
1227 1145 1355 1185 omnis
1386 1145 1488 1184 rivos

154 1209 220 1259 qui
255 1211 305 1248 ad
340 1223 445 1248 mare
479 1211 728 1260 pertinebant
755 1212 899 1250 Caesar
927 1218 994 1249 aut
1023 1217 1212 1249 averterat
1240 1218 1307 1249 aut
1337 1210 1487 1261 magnis

154 1273 338 1323 operibus
373 1275 615 1313 obstruxerat
643 1282 771 1325 atque,
805 1283 847 1313 ut
877 1283 985 1314 erant
1014 1277 1101 1314 loca
1130 1282 1341 1314 montuosa
1370 1283 1408 1313 et
1437 1275 1488 1313 ad

155 1351 295 1388 specus
325 1339 526 1388 angustiae
557 1339 727 1386 vallium,
761 1341 830 1378 has
865 1340 1024 1379 sublicis
1058 1340 1097 1378 in
1129 1347 1270 1378 terram
1308 1339 1488 1379 demissis

156 1411 423 1453 praesepserat
454 1410 674 1453 terramque
707 1412 937 1454 aggesserat,
973 1412 1015 1443 ut
1053 1418 1197 1455 aquam
1229 1404 1484 1443 continerent.

115 1483 136 1512 4
158 1468 219 1505 Ita
245 1467 299 1505 illi
327 1468 546 1506 necessario
567 1469 653 1507 loca
682 1469 793 1519 sequi
813 1469 983 1508 demissa
1006 1483 1052 1508 ac
1079 1469 1263 1520 palustria
1283 1477 1321 1508 et
1347 1477 1488 1519 puteos

156 1531 291 1569 fodere
319 1532 560 1581 cogebantur
588 1539 706 1582 atque
730 1534 837 1571 hunc
863 1534 1037 1572 laborem
1061 1535 1113 1572 ad
1143 1533 1341 1572 cotidiana
1370 1546 1488 1583 opera

154 1596 356 1633 addebant
370 1610 380 1643 3
410 1596 477 1645 qui
497 1604 629 1635 tamen
649 1598 777 1635 fontes
797 1611 820 1635 a
839 1598 1076 1647 quibusdam
1103 1597 1306 1647 praesidiis
1326 1598 1488 1636 aberant

115 1670 133 1702 5
154 1659 308 1708 longius
347 1667 385 1698 et
422 1660 598 1698 celeriter
641 1661 814 1700 aestibus
854 1663 1141 1700 exarescebant.
1218 1664 1271 1700 At
1310 1660 1487 1701 Caesaris

155 1723 344 1762 exercitus
369 1724 518 1773 optima
542 1725 766 1763 valetudine
796 1739 1029 1776 summaque
1057 1740 1183 1776 aquae
1212 1726 1327 1776 copia
1355 1725 1489 1764 uteba-

154 1794 225 1834 tur,
249 1795 333 1826 turn
360 1796 603 1827 commeatus
624 1789 731 1828 omni
758 1803 899 1839 genere
928 1797 1078 1840 praeter
1098 1792 1338 1829 frumentum
1366 1789 1489 1828 abun-

154 1851 274 1889 dabat
288 1866 298 1899 3
318 1852 461 1901 quibus
475 1852 620 1891 cotidie
633 1853 771 1891 melius
788 1854 1035 1894 †subterere†
1048 1862 1203 1904 tempus
1219 1854 1488 1904 maioremque

156 1928 267 1964 spem
288 1915 508 1954 maturitate
527 1917 812 1955 frumentorum
833 1917 999 1967 proponi
1019 1918 1215 1956 videbant.

84 1992 138 2030 50
213 1981 261 2017 In
287 1993 391 2018 novo
410 1994 551 2030 genere
575 1981 667 2019 belli
694 1995 819 2020 novae
842 1982 892 2020 ab
913 1982 1086 2032 utrisque
1115 1982 1289 2021 bellandi
1318 1981 1486 2020 rationes

157 2043 457 2093 reperiebantur.
519 2045 581 2083 Illi
602 2058 692 2089 cum
719 2046 1083 2085 animadvertissent
1110 2060 1156 2085 ex
1185 2047 1340 2096 ignibus
1369 2054 1487 2085 noete

157 2109 328 2147 cohortis
362 2117 513 2148 nostras
547 2111 598 2148 ad
627 2111 867 2150 munitiones
896 2112 1097 2159 excubare,
1131 2111 1286 2151 silentio
1317 2111 1486 2163 aggressi

156 2173 353 2211 universas
374 2173 413 2211 in
435 2174 728 2214 multitudinem
749 2175 905 2226 sagittas
922 2176 1142 2215 coiciebant
1162 2184 1200 2215 et
1220 2190 1261 2216 se
1278 2176 1484 2216 confestim

203 2286 215 2306 1
243 2288 262 2307 a
278 2277 447 2308 valeribus
464 2276 501 2306 X
513 2281 586 2308 leste
600 2278 728 2308 Holder
741 2279 802 2318 qui
819 2279 860 2310 ab
877 2278 1046 2310 alebribus
1066 2280 1191 2319 scrz'pSt‘t
1366 2278 1484 2320 chara]

157 2320 235 2350 kara
264 2319 295 2348 V
442 2321 546 2361 lacte]
571 2322 651 2352 lacti
673 2322 710 2352 T‘
878 2324 916 2352 18
941 2323 1047 2353 instar
1071 2333 1234 2362 specuum
1265 2322 1489 2363 Freudenberg

157 2363 313 2393 demissis
331 2363 393 2393 cod.
413 2364 542 2395 Palal.:
568 2365 713 2396 dimissis
730 2369 794 2395 ccli.
923 2376 963 2404 19
987 2366 1216 2406 continerent]
1236 2366 1428 2397 contineret
1450 2365 1487 2396 T'

157 2407 198 2435 26
223 2406 395 2436 subterere
412 2406 510 2437 D'ls':
536 2402 688 2438 subfrcre
706 2408 798 2438 L'T:
824 2410 1007 2439 succedere
1025 2409 1215 2448 Hoffinmm

1508 511 1525 541 5

1511 835 1548 858 10

1511 1157 1546 1188 ¹5

1509 1477 1548 1500 20

1508 1799 1547 1831 ²5

1506 2120 1547 2151 30
