1705 2729
578 108 621 146 C.
657 109 771 145 IVLI
804 108 1073 146 CAESARIS

125 232 141 261 3
163 217 442 265 deligebantur.
516 219 653 267 Itaque
686 218 889 266 pedalibus
921 218 1033 267 lignis
1065 217 1284 256 coniunctis
1315 218 1414 257 inter
1446 232 1486 257 se

164 280 334 329 porticus
374 281 646 330 integebantur
683 290 800 331 atque
839 284 912 320 hac
950 296 1064 332 agger
1098 282 1197 321 inter
1231 296 1369 322 manus
1404 296 1486 333 pro-

123 357 142 386 4
163 345 365 383 ferebatur.
426 346 697 384 Antecedebat
732 347 887 384 testudo
922 348 1068 396 pedum
1105 359 1156 384 Lx
1186 347 1381 396 aequandi
1411 347 1486 386 loci

162 422 279 447 causa
312 410 413 448 facta
443 409 535 448 item
571 424 616 448 ex
650 410 866 449 fortissimis
901 411 1023 461 lignis,
1061 412 1272 450 convoluta
1302 411 1486 450 omnibus

123 486 140 517 5
162 473 277 511 rebus
304 473 447 523 quibus
474 474 572 524 ignis
600 474 722 513 iactus
750 483 787 513 et
814 475 964 525 lapides
991 475 1150 515 defendi
1178 484 1348 526 possent.
1407 478 1486 516 Sed

163 537 392 588 magnitudo
420 552 593 589 operum,
619 539 785 578 altitudo
813 540 911 578 muri
937 548 1055 590 atque
1079 540 1251 588 turrium,
1276 541 1486 581 multitudo

123 607 142 638 6
162 609 445 642 tormentorum
476 617 635 643 omnem
662 604 1039 644 administrationem
1068 606 1256 644 tardabat.
1317 606 1486 646 Crebrae

160 666 277 705 etiam
313 681 381 718 per
412 668 574 707 Albicos
605 669 828 718 eruptiones
860 670 1005 708 fiebant
1040 684 1085 708 ex
1119 669 1269 720 oppido
1300 669 1487 720 ignesque

159 732 287 782 aggeri
317 740 355 771 et
385 733 554 772 turribus
586 733 874 782 inferebantur,
914 748 1014 784 quae
1045 734 1157 773 facile
1192 734 1313 773 nostri
1344 735 1486 774 milites

160 798 401 847 repellebant
448 799 677 849 magnisque
725 801 825 838 ultro
864 799 991 838 inlatis
1030 799 1274 839 detrimentis
1312 813 1380 839 eos
1418 799 1485 850 qui

159 861 405 912 eruptionem
435 864 606 902 fecerant
636 863 675 902 in
705 864 896 914 oppidum
925 864 1147 903 reiciebant.

85 971 89 976 .
117 930 140 966 3
215 926 377 965 Interim
401 929 442 965 L.
468 928 654 967 Nasidius
674 929 725 967 ab
750 930 821 968 Cn.
847 929 1037 979 Pompeio
1063 943 1153 968 cum
1178 931 1301 968 classe
1327 930 1486 968 navium

160 1002 242 1037 xvi,
267 991 306 1029 in
328 991 470 1041 quibus
491 1006 640 1042 paucae
661 1000 769 1031 erant
789 1001 951 1041 aeratae,
976 995 1018 1031 L.
1040 993 1217 1032 Domitio
1236 993 1487 1033 Massiliensi-

160 1056 313 1105 busque
351 1056 529 1096 subsidio
572 1058 712 1096 missus
751 1059 848 1097 freto
887 1058 1040 1097 Siciliae
1082 1058 1330 1109 imprudente
1367 1067 1486 1109 atque

124 1132 138 1153 2
160 1119 389 1170 inopinante
411 1121 583 1160 Curione
607 1121 829 1172 pervehitur
851 1122 1104 1173 appulsisque
1130 1125 1356 1162 Messanam
1383 1124 1487 1162 navi-

160 1185 232 1222 bus
259 1192 377 1234 atque
402 1184 494 1224 inde
521 1194 679 1236 propter
704 1186 952 1236 repentinum
979 1194 1163 1226 terrorem
1190 1187 1411 1238 principum
1441 1201 1487 1227 ac

123 1263 140 1294 3
160 1258 316 1288 senatus
338 1252 428 1300 fuga
448 1252 550 1290 facta
570 1265 616 1290 ex
637 1251 839 1291 navalibus
860 1266 995 1291 eorum
1016 1266 1156 1291 navem
1177 1253 1348 1292 deducit.
1396 1255 1487 1292 Hac

158 1314 344 1353 adiuncta
363 1317 414 1354 ad
434 1315 601 1365 reliquas
627 1315 734 1354 navis
761 1330 917 1355 cursum
941 1316 1156 1355 Massiliam
1180 1330 1313 1356 versus
1338 1317 1487 1367 perficit

159 1376 450 1430 praemissaque
480 1382 581 1419 clam
611 1380 790 1419 navicula
820 1380 1040 1420 Domitium
1070 1381 1407 1432 Massiliensisque
1436 1383 1487 1421 de

160 1458 231 1483 suo
255 1445 427 1483 adventu
455 1444 637 1484 certiores
664 1445 755 1483 facit
784 1458 931 1495 eosque
962 1459 1197 1496 magnopere
1227 1448 1412 1493 hortatur,
1444 1454 1487 1485 ut

161 1522 290 1547 rursus
311 1522 401 1547 cum
423 1509 532 1548 Bruti
554 1510 675 1548 classe
694 1509 837 1548 additis
859 1509 937 1548 suis
957 1509 1107 1548 auxiliis
1127 1510 1349 1561 confligant.

117 1583 143 1619 4
218 1573 483 1612 Massilienses
535 1582 623 1624 post
670 1573 846 1624 superius
894 1574 1193 1614 incommodum
1241 1583 1389 1614 veteres
1436 1577 1486 1615 ad

162 1640 332 1677 eundern
358 1652 565 1677 numerum
590 1652 636 1678 ex
663 1639 865 1678 navalibus
895 1640 1106 1690 productas
1136 1640 1244 1678 navis
1274 1641 1487 1679 refecerant

161 1717 393 1754 summaque
424 1704 613 1743 industria
646 1706 1147 1757 armaverant—remigum,
1182 1706 1486 1756 gubernatorum

125 1783 140 1804 2
161 1782 303 1818 magna
335 1769 449 1819 copia
483 1771 1079 1823 suppetebat——piscatoriasque
1112 1771 1337 1810 adiecerant
1369 1777 1488 1820 atque

161 1840 422 1881 contexerant,
456 1842 498 1872 ut
532 1843 661 1874 essent
691 1838 742 1875 ab
774 1837 853 1876 ictu
884 1839 1051 1876 telorum
1083 1835 1246 1886 remiges
1278 1834 1375 1883 tuti3
1417 1835 1487 1873 has

124 1908 141 1938 3
161 1897 362 1947 sagittariis
384 1900 666 1950 tormentisque
687 1903 992 1952 compleverunt.
1051 1900 1138 1939 Tali
1159 1901 1280 1939 modo
1300 1899 1488 1938 instructa

160 1964 283 2001 classe
317 1964 494 2003 omnium
530 1966 738 2014 seniorum,
772 1974 940 2005 matrum
970 1965 1148 2012 familiae,
1185 1964 1377 2015 virginum
1406 1976 1488 2013 pre-

161 2027 272 2066 cibus
293 2036 330 2066 et
351 2030 443 2068 fletu
465 2030 629 2078 excitati,
654 2038 828 2070 extremo
849 2039 1025 2081 tempore
1049 2029 1193 2068 civitati
1221 2027 1485 2074 subvenirent,

163 2105 242 2130 non
264 2092 413 2132 minore
433 2094 566 2133 animo
586 2108 633 2133 ac
653 2095 798 2134 fiducia
817 2108 936 2145 quam
960 2101 1051 2133 ante
1075 2093 1354 2132 dimicaverant
1378 2091 1487 2130 navis

124 2165 143 2194 4
163 2158 445 2197 conscendunt.
505 2159 720 2199 Communi
752 2159 856 2198 enim
890 2160 933 2197 fit
966 2158 1060 2197 vitio
1093 2165 1253 2196 naturae
1286 2164 1329 2195 ut
1361 2155 1489 2195 invisi-

208 2272 224 2300 7
251 2261 368 2292 crebro
386 2262 429 2292 D'
562 2264 582 2293 8
605 2262 707 2293 etiarn
731 2262 929 2303 Nipperdey:
971 2267 1083 2293 tamen
1114 2259 1152 2290 X
1305 2270 1342 2300 17
1368 2270 1488 2291 navem

163 2304 248 2336 codd.
281 2305 391 2337 Petav.
420 2310 448 2336 et
474 2306 600 2336 Norvic.
622 2306 734 2339 (ctiam
759 2306 822 2336 cod.
847 2305 964 2346 Scaltg.
992 2308 1064 2335 teste
1083 2304 1308 2345 Hoffmaan
1343 2313 1409 2334 om.
1433 2302 1486 2333 X:

164 2359 261 2379 unam
282 2349 322 2378 L²
453 2359 491 2387 31
519 2349 700 2380 invisitatis
716 2349 899 2390 Elberling:
926 2348 1042 2380 invisis
1058 2347 1198 2379 latitatis
1214 2345 1252 2377 X

1508 813 1547 835 10

1508 1136 1545 1169 Ι5

1508 1460 1546 1481 20

1509 1781 1545 1814 25

1508 2103 1548 2134 30
