1705 2729
628 122 670 159 C.
707 122 823 157 IVLI
857 121 1125 158 CAESARIS

174 252 189 273 2
217 233 375 271 Dixerat
397 232 536 281 aliquis
558 231 745 270 leniorem
769 230 1012 278 sententiam,
1033 239 1073 269 ut
1091 231 1216 280 primo
1239 232 1293 269 M.
1315 232 1534 278 Marcellus,

210 297 405 347 ingressus
432 297 471 334 in
501 310 587 334 earn
618 296 846 343 orationem,
872 309 950 334 non
973 302 1152 345 oportere
1181 303 1272 334 ante
1293 296 1342 334 de
1363 308 1408 334 ea
1429 309 1468 334 re
1487 296 1538 334 ad

210 370 388 400 senatum
414 361 543 399 referri
564 374 683 410 quam
705 361 872 399 dilectus
894 369 974 398 tota
998 360 1109 398 Italia
1137 359 1258 398 habiti
1285 368 1322 398 et
1349 360 1538 399 exercitus

209 426 419 476 conscripti
453 434 592 473 essent,
618 439 698 476 quo
728 426 923 476 praesidio
945 433 1029 464 tuto
1054 433 1091 463 et
1119 425 1239 464 libere
1260 432 1417 463 senatus
1439 438 1539 475 quae

172 507 190 537 3
208 493 322 529 vellet
353 492 564 529 decernere
593 492 778 538 auderet3
809 498 850 528 ut
879 492 934 528 M.
968 489 1154 537 Calidius,
1188 490 1254 540 qui
1285 490 1471 529 censebat
1498 497 1540 528 ut
1560 503 1577 534 5

210 555 422 605 Pompeius
459 555 498 592 in
535 568 624 593 suas
651 554 871 604 provincias
899 554 1217 604 proficisceretur,
1249 568 1299 593 ne
1330 567 1407 604 qua
1439 562 1540 593 esset

207 634 404 659 armorum
441 633 582 658 causa:
628 619 764 658 timere
798 621 1007 659 Caesarem
1043 619 1183 669 ereptis
1219 620 1269 657 ab
1305 633 1352 657 eo
1386 619 1540 658 duabus

207 684 437 734 legionibuS,
463 697 513 722 ne
535 685 585 722 ad
607 683 689 722 eius
710 683 927 733 periculum
948 697 1140 721 reservare
1162 691 1199 721 et
1220 683 1384 721 retinere
1405 697 1469 721 eas
1489 685 1540 722 ad

208 750 345 787 urbem
371 748 584 798 Pompeius
622 748 842 795 videretur,
871 756 913 786 ut
950 749 1005 786 M.
1039 749 1176 794 Rufus,
1208 747 1274 797 qui
1305 747 1538 786 sententiam

170 813 337 857 4Calidi
366 813 500 863 paucis
531 814 609 851 fere
642 812 799 851 mutatis
835 813 951 850 rebus
986 813 1231 862 sequebatur.
1306 812 1363 850 Hi
1401 825 1538 851 omnes
1560 827 1601 850 10

170 893 187 924 5
208 877 387 917 convicio
419 879 460 915 L.
486 877 642 915 Lentuli
675 876 847 915 consulis
880 876 1047 926 correpti
1078 877 1380 927 exagitabantur.
1440 879 1539 916 Len-

207 944 310 981 tulus
331 941 567 981 sententiam
590 941 719 981 Calidi
750 941 1091 991 pronuntiaturum
1120 955 1162 980 se
1188 941 1350 980 omnino
1371 941 1535 991 negavit,

170 1017 189 1047 6
209 1010 420 1046 Marcellus
441 1007 664 1057 perterritus
683 1006 870 1045 conviciis
891 1020 914 1044 a
935 1020 1004 1044 sua
1025 1006 1217 1045 sententia
1238 1006 1425 1045 discessit.
1476 1006 1539 1045 Sic

206 1072 368 1111 vocibus
394 1071 578 1118 consulis,
609 1079 753 1110 terrore
783 1071 998 1121 praesentis
1027 1071 1227 1118 exercitus,
1255 1071 1370 1109 minis
1397 1071 1539 1110 amico-

206 1151 291 1176 rum
327 1136 493 1186 Pompei
525 1136 700 1186 plerique
738 1135 931 1186 compulsi
966 1135 1075 1173 inviti
1115 1143 1152 1174 et
1184 1135 1310 1174 coacti
1345 1135 1537 1185 Scipionis
1561 1146 1597 1178 15

207 1201 441 1240 sententiam
475 1208 715 1251 sequuntur:
750 1200 806 1238 uti
832 1208 923 1238 ante
953 1208 1098 1248 certam
1127 1199 1233 1238 diem
1264 1201 1408 1239 Caesar
1437 1213 1539 1238 exer-

207 1268 328 1306 citum
357 1266 527 1306 dimittat
543 1281 553 1314 3
583 1266 613 1304 si
642 1279 722 1304 non
750 1265 874 1312 faciat,
899 1279 989 1304 eum
1017 1266 1203 1303 adversus
1230 1278 1311 1303 rem
1340 1264 1538 1315 publicam

172 1335 400 1377 7facturum
444 1331 576 1370 videri.
657 1330 869 1369 Intercedit
920 1332 974 1368 M.
1017 1330 1224 1377 Antonius,
1276 1331 1324 1378 Q.
1367 1329 1536 1376 Cassius,

207 1397 352 1436 tribuni
385 1396 521 1447 plebis.
585 1397 766 1434 Refertur
797 1395 1004 1433 confestim
1035 1396 1085 1433 de
1115 1394 1393 1433 intercessione
1423 1394 1539 1432 tribu-

171 1477 188 1506 8
210 1476 360 1501 norum.
424 1461 619 1499 Dicuntur
653 1460 870 1499 sententiae
902 1472 1061 1510 graves3
1101 1466 1143 1497 ut
1175 1458 1342 1508 quisque
1375 1458 1539 1496 acerbis·
1561 1471 1599 1493 20

210 1528 307 1566 sime
337 1526 685 1576 crudelissimeque
717 1525 824 1571 dixit,
862 1525 914 1563 ita
945 1539 1063 1575 quam
1095 1524 1263 1563 maxime
1291 1524 1342 1562 ab
1371 1523 1538 1562 inimicis

211 1595 389 1635 Caesaris
410 1595 665 1632 collaudatur.

166 1672 190 1708 3
268 1660 393 1698 Misso
419 1660 470 1697 ad
497 1671 703 1707 vesperum
733 1664 870 1697 senatu
896 1669 1033 1695 omnes
1062 1656 1129 1706 qui
1158 1662 1249 1694 sunt
1279 1654 1361 1693 eius
1391 1652 1538 1692 ordinis

208 1738 229 1761 a
250 1723 439 1773 Pompeio
461 1730 682 1761 evocantur.
744 1723 897 1760 Laudat
917 1729 1120 1771 promptos
1139 1727 1258 1770 atque
1278 1719 1318 1757 in
1338 1725 1537 1769 posterum

174 1804 188 1824 2
209 1790 424 1835 confirmat,
450 1788 647 1838 segniores
677 1787 838 1837 castigat
864 1795 982 1836 atque
1010 1786 1155 1824 incitat.
1218 1784 1335 1822 Multi
1362 1783 1537 1833 undique
1560 1793 1596 1824 25

209 1867 254 1891 ex
293 1853 488 1891 veteribus
529 1852 693 1902 Pompei
740 1851 971 1890 exercitibus
1013 1864 1081 1900 spe
1120 1849 1381 1899 praemiorum
1419 1855 1538 1897 atque

209 1918 392 1956 ordinum
424 1925 646 1964 evocantur,
672 1917 782 1955 multi
814 1931 859 1954 ex
887 1916 1042 1954 duabus
1069 1914 1289 1965 legionibus
1319 1925 1420 1962 quae
1448 1918 1538 1949 sunt

174 1983 372 2023 3traditae
410 1996 433 2020 a
465 1983 633 2021 Caesare
673 1988 930 2020 arcessuntur.
1009 1980 1240 2029 Completur
1269 1978 1370 2023 urbs,
1403 1976 1536 2021 clivus,

172 2047 414 2095 4comitium
445 2047 621 2093 tribunis,
659 2045 964 2091 centurionibus,
997 2043 1178 2082 evocatis.
1239 2043 1389 2081 Omnes
1422 2040 1537 2078 amici

252 2152 274 2180 6
299 2161 340 2180 ne
365 2161 430 2189 qua
450 2160 483 2181 r:
531 2159 642 2188 neque
667 2147 705 2177 X
881 2157 897 2185 7
924 2147 1052 2186 ereptis
1075 2144 1275 2186 Nipperdey:
1317 2143 1482 2182 correptis
1506 2141 1543 2171 X

210 2205 230 2232 9
254 2198 289 2223 ut
306 2196 348 2227 B:
375 2199 407 2224 at
426 2192 469 2222 D‘
538 2193 594 2232 qui
612 2195 653 2227 B:
680 2203 745 2222 om.
764 2190 808 2221 D'
960 2200 999 2220 10
1024 2190 1123 2219 rebus
1139 2188 1192 2218 X:
1218 2187 1329 2217 verbis
1347 2197 1365 2215 r
1497 2195 1535 2215 21

212 2237 515 2274 crudelissimequa
527 2239 549 2269 Β
566 2247 572 2265 :
590 2246 654 2265 om.
670 2235 713 2264 D‘
803 2245 843 2272 24
856 2238 1030 2272 promptos
1041 2231 1293 2271 Pantagathus:
1314 2229 1494 2267 Pompeius
1504 2227 1542 2257 Χ

211 2290 252 2319 25
271 2280 449 2318 segniores
467 2291 502 2309 r:
531 2279 683 2309 seniores
701 2277 738 2307 X
823 2278 864 2306 28
890 2277 994 2306 clivus
1008 2276 1135 2308 Linker,
1151 2273 1284 2314 Menge:
1309 2277 1343 2303 et
1361 2273 1413 2302 ius
1422 2270 1478 2302 X:
1503 2276 1538 2301 ut

213 2335 274 2363 per
291 2323 455 2354 iustitium
474 2323 599 2352 coniecit
610 2322 801 2361 Hoffinmm
893 2330 936 2357 29
960 2319 1102 2349 tribunis
1119 2316 1372 2347 centurionibus
1388 2315 1538 2345 evocatis

215 2365 411 2407 Oudendorp
427 2377 433 2395 τ
459 2366 611 2395 tribunos
631 2367 684 2403 (tr.
708 2363 806 2402 U‘T‘)
827 2363 870 2403 pl.
889 2362 1042 2392 centurio
1059 2365 1177 2391 evocat
1193 2358 1231 2389 Χ
