1705 2729
623 151 859 189 INCERTI
890 150 1172 189 AVCTORIS

197 277 210 297 ,ν
234 274 330 299 sum.
393 261 454 299 Ibi
484 261 523 298 in
553 274 695 310 campo
724 259 857 298 castris
884 259 971 297 unis
1001 258 1137 309 positis
1167 258 1249 308 ipse
1279 259 1557 296 frumentatum

233 326 379 364 circum
401 325 509 364 villas
536 339 626 363 cum
651 332 760 374 parte
784 324 974 363 exercitus
1004 325 1200 374 profectus
1231 336 1374 372 magno
1399 322 1559 360 invento

233 390 381 437 hordei,
410 390 497 436 olei,
520 389 610 436 vini,
641 389 702 427 fici
730 402 905 437 numero,
931 402 1058 440 pauco
1086 387 1211 434 tritici,
1239 395 1357 437 atque
1387 395 1559 425 recreato

195 465 212 494 3
232 455 401 493 exercitu
437 454 535 492 redit
570 454 609 492 in
642 462 775 492 castra.
837 454 968 503 Scipio
1003 452 1156 491 interim
1191 452 1349 502 cognito
1381 451 1558 491 Caesaris

232 518 406 556 discessu
427 532 516 556 cum
541 517 727 556 universis
755 518 878 568 copiis
898 532 967 568 per
987 517 1120 567 iugum
1143 518 1351 555 Caesarem
1372 515 1558 565 subsequi
1578 529 1596 560 5

232 582 361 633 coepit
391 591 508 632 atque
535 583 585 621 ab
614 582 695 620 eius
726 582 859 621 castris
890 582 995 621 milia
1024 594 1210 632 passuum
1240 593 1278 618 vl
1310 582 1426 630 longe
1450 579 1558 618 trinis

232 647 364 686 castris
385 647 596 697 dispertitis
617 647 739 697 copiis
761 647 948 686 consedit.

159 707 213 744 68
286 712 490 761 Oppidum
524 720 603 750 erat
635 714 738 759 Zeta,
771 713 879 761 quod
909 713 1042 750 aberat
1076 725 1098 749 a
1127 710 1311 761 Scipione
1343 709 1447 748 milia
1476 723 1559 760 pas-

232 790 345 814 suum
374 789 412 823 X,
435 778 485 815 ad
512 777 594 815 eius
619 776 817 827 regionem
839 784 877 814 et
897 784 1046 826 partem
1074 784 1287 814 castrorum
1308 776 1556 821 collocatum,

230 855 253 879 a
284 843 451 881 Caesare
482 849 612 879 autem
645 841 841 880 diversum
868 855 913 879 ac
946 848 1151 887 remotum,
1181 842 1288 890 quod
1318 847 1398 878 erat
1426 840 1476 878 ab
1510 853 1558 878 eo
1579 854 1619 877 ιο

232 907 346 956 longe
368 906 474 944 milia
502 919 687 956 passuum
716 918 822 943 X1111.
885 907 977 943 Huc
1005 904 1136 955 Scipio
1162 904 1335 954 legiones
1362 905 1459 942 duas
1486 905 1559 941 fru-

195 986 210 1007 2
234 970 435 1010 mentandi
459 971 580 1021 gratia
605 970 718 1009 misit.
780 971 901 1019 Quod
925 977 1135 1020 postquam
1157 970 1301 1008 Caesar
1327 982 1373 1006 ex
1400 969 1559 1018 perfuga

232 1035 427 1086 cognovit,
450 1035 583 1074 castris
609 1050 654 1074 ex
684 1049 826 1085 campo
847 1035 886 1072 in
907 1036 1048 1073 collem
1069 1048 1114 1072 ac
1136 1033 1276 1072 tutiora
1302 1034 1389 1071 loca
1409 1032 1558 1071 collatis

231 1108 349 1150 atque
370 1099 425 1138 ibi
445 1100 640 1150 praesidio
662 1099 796 1138 relicto
818 1099 900 1149 ipse
921 1107 1059 1149 quarta
1074 1098 1201 1148 vigilia
1217 1110 1392 1147 egressus
1408 1104 1559 1147 praeter

231 1164 403 1203 hostium
425 1172 549 1203 castra
570 1164 827 1214 proficiscitur
853 1178 943 1203 cum
971 1163 1094 1214 copiis
1121 1171 1158 1201 et
1188 1162 1378 1213 oppidum
1399 1161 1555 1212 potitur.
1581 1176 1617 1208 15

194 1239 212 1268 3
233 1229 427 1279 Legiones
455 1229 648 1280 Scipionis
677 1229 868 1279 comperit
894 1228 1047 1278 longius
1072 1228 1111 1266 in
1135 1227 1234 1278 agris
1261 1226 1486 1265 frumentari
1507 1233 1555 1272 et,

232 1307 322 1332 cum
348 1307 396 1333 eo
420 1295 661 1333 contendere
686 1301 902 1340 conaretur,
928 1292 1202 1332 animadvertit
1228 1291 1361 1341 copias
1385 1290 1558 1329 hostium

232 1358 292 1396 his
312 1357 531 1408 legionibus
553 1372 755 1397 occurrere
782 1357 989 1408 suppetias.
1050 1359 1163 1406 Quae
1184 1370 1243 1395 res
1264 1355 1346 1394 eius
1367 1355 1558 1406 impetum

193 1433 211 1462 4
233 1422 450 1461 retardavit.
512 1424 652 1472 Itaque
686 1430 801 1472 capto
834 1424 878 1461 C.
910 1421 1089 1460 Minucio
1120 1421 1286 1470 Regino,
1320 1419 1451 1470 equite
1482 1422 1559 1459 Ro-

233 1501 361 1533 mano,
398 1486 591 1537 Scipionis
623 1486 933 1533 familiarissimo,
965 1486 1030 1536 qui
1061 1486 1096 1524 ei
1126 1485 1274 1536 oppido
1303 1492 1489 1535 praeerat,
1521 1492 1559 1523 et
1579 1499 1620 1521 20

234 1553 274 1589 P.
298 1551 420 1598 Atrio,
444 1552 575 1602 equite
607 1554 791 1590 Romano
818 1553 867 1590 de
895 1558 1091 1589 conventu
1118 1549 1308 1596 Uticensi,
1331 1557 1370 1588 et
1398 1549 1558 1588 camelis

232 1628 323 1654 XX11
352 1616 450 1667 regis
477 1616 669 1663 abductis,
693 1616 888 1666 praesidio
916 1615 969 1654 ibi
994 1629 1084 1653 curn
1113 1614 1246 1665 Oppio
1273 1616 1400 1665 legato
1424 1613 1558 1653 relicto

231 1680 314 1731 ipse
335 1695 375 1720 se
397 1680 567 1731 recipere
588 1683 717 1731 coepit
737 1682 788 1720 ad
808 1688 942 1719 castra.

152 1741 210 1786 69
286 1747 389 1785 Cum
411 1745 487 1784 iam
509 1759 588 1784 non
609 1747 724 1795 longe
744 1759 766 1783 a
787 1745 919 1783 cestris
945 1744 1138 1795 Scipionis
1158 1746 1324 1791 abesset,
1347 1758 1447 1794 quae
1467 1757 1557 1782 eum

232 1823 392 1848 necesse
416 1817 497 1849 erat
520 1809 791 1859 praetergredi,
817 1809 1014 1848 Labienus
1045 1809 1307 1859 Afraniusque
1331 1822 1421 1847 cum
1449 1808 1558 1847 omni
1579 1821 1617 1853 25

230 1874 405 1925 equitatu
439 1875 594 1924 levique
628 1882 821 1913 armatura
860 1888 906 1913 ex
945 1873 1094 1914 insidiis
1133 1874 1259 1913 adorti
1297 1873 1441 1924 agmini
1475 1873 1558 1911 eius

194 1951 208 1973 2
230 1947 402 1978 extremo
424 1954 464 1978 se
485 1941 652 1978 offerunt
668 1947 786 1989 atque
804 1954 850 1978 ex
867 1939 1033 1978 collibus
1049 1939 1183 1989 primis
1200 1939 1397 1978 exsistunt.
1436 1940 1558 1987 Quod

229 2012 438 2055 postquam
469 2006 613 2044 Caesar
643 2004 819 2043 animum
849 2004 1024 2051 advertit,
1055 2004 1251 2054 equitibus
1276 2003 1354 2042 suis
1383 2003 1556 2042 hostium

229 2069 265 2107 vi
292 2069 482 2120 oppositis
507 2069 676 2108 sarcinas
708 2069 940 2120 legionarios
968 2069 1007 2107 in
1033 2082 1215 2107 acervum
1245 2068 1353 2107 iubet
1380 2081 1556 2118 compor-

191 2149 209 2179 3
230 2141 309 2172 tare
329 2142 448 2184 atque
468 2134 644 2173 celeriter
665 2134 774 2184 signa
795 2134 974 2173 hostibus
994 2133 1143 2172 inferre.
1205 2134 1325 2182 Quod
1345 2140 1554 2183 postquam
1575 2140 1617 2171 30

276 2247 310 2268 11
337 2247 398 2268 xiv
414 2243 434 2268 λ
450 2250 456 2269 :
476 2248 576 2268 XV1111
595 2238 640 2268 T:
658 2248 745 2269 xvm
757 2237 870 2269 DL'V
951 2247 989 2276 13
1005 2237 1136 2268 collatis
1153 2235 1289 2277 Lipsius
1304 2248 1310 2267 :
1335 2236 1508 2268 collocatis
1523 2235 1561 2266 X

232 2290 269 2319 15
294 2282 455 2320 oppidum
476 2281 562 2313 DT:
586 2282 712 2321 oppido
729 2280 807 2311 L'V
918 2291 953 2320 17
973 2291 1055 2312 eous
1072 2281 1118 2312 F:
1144 2291 1188 2311 an
1205 2291 1246 2311 eo
1264 2282 1390 2319 usque?
1519 2291 1558 2319 19

229 2324 377 2355 Minucio
395 2324 593 2365 Nipperdey:
620 2325 728 2355 mocio
750 2324 798 2355 V:
824 2324 937 2355 inocio
960 2324 1006 2354 T:
1030 2324 1141 2354 biocio
1162 2324 1222 2354 U‘:
1247 2324 1352 2354 biotio
1362 2322 1427 2353 DL
1516 2334 1557 2354 22

228 2368 380 2399 abductis
395 2368 500 2406 Jurin
517 2379 524 2398 :
547 2368 702 2398 adductis
719 2370 760 2401 B:
786 2368 948 2398 adductus
967 2367 1001 2398 D
1089 2378 1129 2405 24
1155 2378 1230 2397 eum
1250 2366 1317 2398 cdd.
1335 2378 1341 2396 ε
1367 2377 1441 2397 cum
1459 2365 1557 2397 DL':

229 2416 297 2441 turn
321 2411 356 2441 T‘
489 2421 529 2450 27
555 2411 719 2451 proximis
737 2410 912 2442 Schneider
1044 2422 1085 2450 29
1109 2411 1140 2441 vi
1158 2409 1244 2440 DV:
1271 2420 1310 2441 111
1326 2414 1391 2441 cett.
