1705 2729
492 121 565 157 DE
598 119 777 157 BELLO
808 119 984 157 CIVILI
1016 120 1117 156 LIB.
1154 121 1217 156 III

194 247 278 272 sese
297 232 506 282 recipiebat
521 245 566 269 ac
587 230 760 281 plerique
780 244 826 268 ex
846 229 916 276 his,
940 243 989 268 ne
1009 229 1048 267 in
1069 230 1264 278 angustias
1285 230 1510 277 inciderent,

192 310 222 336 X
253 298 398 347 pedum
433 295 660 333 munitionis
694 307 735 332 se
767 294 808 331 in
839 295 961 332 fossas
1000 293 1264 343 praecipitant,
1302 294 1513 344 primisque

190 359 383 411 oppressis
421 358 557 408 reliqui
595 372 663 408 per
700 359 841 396 horum
880 370 1042 407 corpora
1081 359 1245 395 salutem
1284 357 1357 396 sibi
1395 366 1512 407 atque

191 424 335 462 exitum
373 422 584 473 pariebant.
658 422 820 460 Sinistro
858 434 981 459 cornu
1019 421 1160 459 milites
1199 435 1289 459 cum
1328 435 1374 459 ex
1411 423 1512 460 vallo
1534 439 1552 468 4

153 504 170 534 5
192 487 422 537 Pompeium
449 488 586 525 adesse
613 494 651 524 et
677 499 768 524 suos
795 487 927 535 fugere
953 493 1167 532 cernerent,
1190 486 1297 523 veriti
1323 500 1372 524 ne
1396 499 1510 536 angu-

190 552 270 590 stiis
300 552 657 597 intercluderentur,
680 564 770 589 cum
800 557 906 588 extra
932 557 970 588 et
997 550 1100 588 intus
1130 551 1283 588 hostem
1310 551 1507 598 haberent,

190 617 330 654 eodem
362 629 441 665 quo
474 622 659 653 venerant
696 622 855 664 receptu
886 614 960 652 sibi
994 615 1263 661 consulebant,
1303 615 1513 665 omniaque

190 687 297 718 erant
332 681 532 725 turnultus,
563 678 722 725 timoris,
752 680 866 727 fugae
895 680 1011 727 plena
1040 679 1140 717 adeo
1170 686 1223 724 ut,
1250 691 1340 716 cum
1371 680 1514 718 Caesar

190 743 297 792 signa
324 742 553 792 fugientium
581 755 699 780 manu
730 744 937 792 prenderet
963 749 1001 780 et
1025 742 1237 780 consistere
1266 742 1425 789 iuberet,
1449 743 1513 780 alii

132 823 171 845 10
189 807 356 845 dimissis
371 807 480 857 equis
494 808 664 845 eundem
678 820 833 845 cursum
850 807 1115 856 confugerent,
1131 806 1195 844 alii
1212 820 1257 844 ex
1275 815 1381 845 metu
1396 806 1511 845 etiam

188 871 296 920 signa
316 871 565 917 dimitterent,
588 883 716 920 neque
737 870 945 920 quisquam
966 871 1131 909 omnino
1153 870 1389 909 consisteret.

240 935 316 972 His
345 935 460 973 tantis
490 934 601 973 malis
632 935 729 972 haec
761 934 935 972 subsidia
963 935 1241 972 succurrebant
1271 948 1350 984 quo
1381 934 1509 973 minus
1529 942 1580 981 70

184 999 312 1037 omnis
337 1000 529 1037 deleretur
556 999 755 1045 exercitus,
783 1000 890 1048 quod
921 998 1132 1048 Pompeius
1163 998 1324 1037 insidias
1355 998 1505 1046 timens,

183 1064 312 1109 credo,
344 1064 452 1113 quod
481 1064 577 1101 haec
611 1070 761 1112 praeter
790 1075 900 1111 spem
930 1062 1152 1100 acciderant
1183 1062 1264 1101 eius
1296 1062 1361 1112 qui
1393 1065 1509 1112 paulo

127 1137 163 1169 15
183 1134 272 1164 ante
309 1140 356 1165 ex
394 1126 526 1164 castris
567 1125 748 1175 fugientis
786 1139 877 1164 suos
917 1133 1180 1176 conspexerat,
1225 1126 1508 1165 munitionibus

181 1190 493 1241 appropinquare
531 1190 772 1240 aliquamdiu
811 1203 891 1228 non
929 1191 1111 1237 audebat,
1154 1190 1384 1240 equitesque
1425 1190 1507 1229 eius

181 1254 352 1304 angustis
378 1254 499 1305 portis
525 1261 643 1304 atque
672 1253 731 1292 his
757 1267 780 1292 a
808 1254 985 1293 Caesaris
1013 1254 1200 1293 militibus
1227 1254 1427 1304 occupatis
1456 1257 1505 1294 ad

181 1317 467 1368 insequendum
510 1319 772 1357 tardabantur.
852 1320 912 1356 Ita
959 1331 1100 1368 parvae
1138 1332 1196 1357 res
1240 1331 1423 1368 magnum
1466 1320 1504 1357 in
1528 1333 1542 1353 2

181 1390 384 1433 utramque
403 1390 552 1433 partem
574 1390 819 1421 momentum
840 1383 1071 1421 habuerunt.
1134 1382 1375 1421 Munitiones
1398 1384 1502 1422 enim

124 1459 163 1482 20
179 1459 203 1484 a
217 1447 349 1485 castris
368 1448 419 1485 ad
440 1449 586 1486 flumen
607 1448 819 1497 perductae
839 1446 1068 1497 expugnatis
1088 1446 1165 1485 iam
1182 1447 1315 1485 castris
1338 1449 1501 1498 Pompei

180 1511 373 1561 propriam
393 1511 694 1561 expeditamque
723 1511 899 1551 Caesaris
919 1511 1120 1550 victoriam
1148 1511 1499 1562 interpellaverunt,

179 1576 316 1613 eadem
347 1588 406 1614 res
437 1575 632 1614 celeritate
662 1575 954 1625 insequentium
988 1577 1137 1615 tardata
1166 1576 1307 1615 nostris
1337 1579 1499 1616 salutem

176 1639 312 1677 attulit.

234 1704 399 1742 Duobus
427 1703 486 1742 his
506 1704 621 1743 unius
652 1704 730 1743 diei
753 1704 908 1754 proeliis
930 1705 1074 1743 Caesar
1094 1704 1328 1743 desideravit
1357 1705 1500 1744 milites
1520 1710 1563 1749 71

121 1780 158 1812 25
179 1778 365 1805 DccchX
396 1776 434 1806 et
467 1775 582 1806 notos
620 1768 771 1818 equites
807 1770 1011 1806 Romanos
1050 1768 1288 1807 Tuticanum
1328 1771 1496 1817 Gallum,
1539 1784 1543 1787 ’

177 1831 364 1869 senatoris
384 1831 518 1878 filium,
536 1833 579 1871 C.
600 1832 839 1881 Fleginatem
861 1832 1070 1879 Placentia,
1088 1835 1134 1870 A.
1154 1833 1343 1871 Granium
1361 1836 1499 1872 Puteo-

175 1894 229 1942 lis,
255 1897 309 1933 M.
333 1895 603 1934 Sacrativirum
624 1897 771 1946 Capua,
794 1896 970 1935 tribunos
998 1897 1163 1935 militum
1185 1905 1222 1935 et
1249 1898 1497 1937 centuriones

174 1971 294 1998 XXX11
313 1975 324 2008 3
352 1961 421 1999 sed
442 1962 581 1999 horum
601 1961 778 2000 omnium
799 1974 886 2010 pars
908 1974 1048 2011 magna
1071 1961 1110 1999 in
1132 1962 1244 2000 fossis
1272 1963 1495 2002 munitioni-
1519 1978 1533 1998 2

217 2071 236 2090 2
261 2060 302 2090 de
319 2059 393 2091 add.
414 2060 528 2092 Oelzler
541 2065 614 2092 ante
630 2071 652 2091 X
668 2061 790 2100 pedum
956 2062 1148 2093 munitionis
1164 2054 1229 2102 (ges
1252 2061 1291 2102 T,
1310 2061 1362 2093 X:
1390 2066 1493 2094 muni-

173 2104 265 2134 tione
282 2104 458 2144 Nipperdey
583 2104 820 2145 praecipitant]
840 2105 1106 2144 praecipitabant
1123 2105 1301 2136 Manutius
1400 2118 1416 2146 7
1445 2118 1495 2138 re-

175 2151 270 2185 ceptu
287 2146 331 2177 F:
359 2148 510 2187 receptui
527 2151 590 2178 cett.
727 2158 767 2179 10
790 2148 946 2179 admissis
962 2149 1110 2179 Faernus
1245 2159 1279 2178 11
1308 2151 1496 2181 consistere

172 2188 254 2219 D‘T
400 2200 443 2221 20
468 2191 653 2229 productae
679 2190 725 2220 D'
876 2201 913 2220 21
942 2192 1110 2231 propriam
1137 2192 1399 2232 expeditamque
1433 2194 1494 2224 T1:

175 2234 343 2271 propriam
370 2234 560 2273 expeditam
587 2238 670 2266 cett.:
708 2245 814 2274 prope
841 2235 905 2265 iarn
935 2234 1098 2275 (Vossius)
1133 2236 1342 2274 exploratam
1375 2237 1500 2267 Kz'ihler

174 2285 214 2313 25
238 2281 336 2307 notos
361 2277 491 2316 equites
521 2277 694 2308 Romanos
714 2283 790 2318 post
815 2279 916 2309 filium
943 2279 972 2308 L
1107 2283 1181 2310 ante
1195 2280 1395 2311 Tuticanum
1419 2281 1490 2310 lzab.

176 2317 376 2357 Fleginatem
394 2319 451 2357 D',
471 2320 675 2358 Flegmatem
693 2324 715 2355 β
731 2332 737 2350 :
760 2322 817 2352 del.
837 2321 1014 2361 Nipperdey
1101 2333 1141 2361 27
1167 2323 1264 2353 miliffi
1283 2323 1326 2354 V:
1353 2324 1430 2354 mill.
1449 2323 1494 2353 T:

175 2361 243 2390 mitt
264 2361 309 2392 U:
337 2362 406 2392 mil‘l
421 2363 470 2392 F:
496 2363 569 2393 mitt
584 2364 636 2394 L:
661 2365 758 2395 mil.L
773 2364 808 2394 D
940 2366 981 2394 28
1006 2365 1118 2405 xxxu]
1139 2375 1228 2395 -xxx-
1247 2365 1292 2395 D'
