1705 2729
612 149 655 187 C.
691 149 805 185 IVLI
840 148 1108 186 CAESARIS

188 261 321 310 paucis
368 261 526 299 mutatis
569 259 865 298 centurionibus
909 260 1013 298 idem
1054 260 1209 299 ordines
1254 262 1521 312 manipulique

151 344 164 364 2
189 333 422 364 constarent.
486 327 603 363 Hanc
639 332 777 363 nactus
810 324 1083 375 appellationis
1116 338 1274 364 causam
1306 327 1520 375 Quintilius

186 390 390 429 circumire
414 390 538 428 aciem
568 389 751 429 Curionis
778 397 896 439 atque
917 390 1122 428 obsecrare
1152 390 1292 429 milites
1319 392 1449 442 coepit
1471 405 1520 430 ne

187 455 351 506 primam
384 454 618 493 sacramenti
650 456 758 504 quod
793 456 899 505 apud
931 455 1152 493 Domitium
1185 463 1303 505 atque
1342 457 1447 506 apud
1479 470 1520 495 se

185 527 433 570 quaestorem
457 519 646 558 dixissent
668 519 897 557 memoriam
919 521 1174 569 deponerent,
1198 534 1275 558 neu
1297 529 1432 560 contra
1452 535 1519 560 eos

184 598 292 622 arma
308 585 449 623 ferrent
471 584 537 634 qui
559 585 699 622 eadem
721 591 851 622 essent
872 583 931 622 usi
947 585 1103 622 fortuna
1119 585 1338 634 eademque
1358 585 1397 623 in
1419 586 1520 624 obsi-

184 648 304 687 dione
317 648 500 699 perpessi,
519 661 596 687 neu
618 661 688 698 pro
709 648 769 686 his
789 656 1006 698 pugnarent
1026 661 1048 686 a
1069 648 1211 698 quibus
1232 649 1519 690 †contumelia†

148 728 165 758 3
185 715 368 764 perfugae
406 714 704 763 appellarentur.
768 714 863 751 Huc
901 726 1026 763 pauca
1064 714 1114 751 ad
1153 726 1263 763 spem
1305 714 1518 764 largitionis

184 778 346 825 addidit,
375 791 476 827 quae
504 779 554 816 ab
580 791 649 816 sua
678 777 918 824 liberalitate,
949 778 979 815 si
1009 791 1050 816 se
1079 785 1197 828 atque
1218 778 1370 817 Attium
1395 780 1516 818 secuti

145 857 164 887 4
185 850 325 889 essent,
349 850 572 892 exspectare
594 843 793 881 deberent.
846 844 936 880 Hac
958 842 1091 880 habita
1111 843 1287 882 oratione
1307 846 1455 882 nullam
1477 844 1516 882 in

184 915 333 958 partem
363 908 414 946 ab
443 907 613 946 exercitu
645 906 828 947 Curionis
859 908 901 945 fit
932 907 1174 957 significatio,
1197 915 1316 958 atque
1346 908 1399 948 ita
1428 921 1516 947 suas

186 980 350 1022 uterque
366 971 499 1022 copias
520 971 681 1010 reducit.

110 1038 166 1078 29
240 1035 397 1089 At[que]„
418 1037 456 1075 in
478 1037 611 1075 castris
633 1036 816 1076 Curionis
838 1050 1002 1087 magnus
1024 1038 1201 1076 omnium
1222 1037 1381 1077 incessit
1401 1038 1517 1077 timor

185 1101 351 1149 animi33
393 1101 425 1139 is
459 1101 571 1139 variis
606 1101 814 1140 hominum
847 1101 1094 1140 sermonibus
1129 1102 1303 1141 celeriter
1340 1110 1512 1153 augetur.

186 1166 471 1216 Unusquisque
492 1165 598 1204 enim
619 1166 827 1216 opiniones
848 1167 1020 1216 fingebat
1041 1174 1079 1205 et
1099 1168 1149 1205 ad
1176 1167 1215 1206 id
1236 1168 1345 1217 quod
1368 1168 1418 1206 ab
1439 1168 1516 1206 alio

149 1245 163 1266 2
183 1231 358 1270 audierat
380 1231 438 1270 sui
465 1231 614 1281 aliquid
635 1231 784 1270 timoris
810 1232 993 1271 addebat.
1056 1234 1149 1270 Hoc
1170 1231 1237 1270 ubi
1257 1245 1337 1270 uno
1357 1240 1516 1272 auctore

183 1297 234 1334 ad
268 1295 388 1346 pluris
423 1303 717 1346 permanaverat
751 1304 870 1346 atque
904 1297 1001 1335 alius
1035 1297 1099 1335 alii
1131 1297 1352 1344 tradiderat,
1387 1299 1516 1347 plures

147 1370 164 1399 3
183 1368 362 1399 auctores
390 1361 472 1399 eius
500 1361 553 1399 rei
578 1361 821 1400 videbantur.
883 1361 1007 1401 Civile
1036 1362 1212 1409 bellum3
1241 1375 1364 1413 genus
1394 1363 1517 1401 homi-

183 1439 278 1463 num
296 1425 358 1463 cui
380 1425 419 1464 id
440 1425 572 1464 liceret
592 1425 713 1464 libere
734 1428 860 1465 facere
876 1434 913 1464 et
935 1426 1045 1476 sequi
1062 1427 1170 1476 quod
1184 1427 1298 1465 vellet
1314 1442 1322 1474 ;
1343 1427 1515 1478 legiones

183 1491 257 1528 hae
296 1503 397 1540 quae
436 1492 554 1540 paulo
592 1497 683 1528 ante
721 1492 827 1540 apud
865 1490 1106 1529 adversarios
1146 1493 1297 1530 fuerant
1326 1523 1331 1529 .
1357 1523 1363 1530 .
1389 1524 1394 1530 .
1423 1506 1514 1531 nam

183 1554 301 1593 etiam
353 1555 530 1594 Caesaris
585 1554 821 1593 beneficium
871 1563 1085 1594 mutaverat
1127 1557 1375 1595 consuetudo
1414 1561 1515 1607 †qua

183 1621 431 1658 offerrentur.
450 1650 455 1657 .
476 1651 482 1657 .
504 1619 724 1670 Municipia
737 1620 853 1658 etiam
869 1620 1029 1659 diversis
1044 1621 1218 1671 partibus
1233 1621 1463 1660 coniuncta.
1481 1654 1487 1660 .
1505 1654 1511 1660 .

184 1686 326 1735 Neque
352 1684 457 1723 enim
478 1698 525 1723 ex
550 1684 691 1723 Marsis
720 1685 992 1735 Paelignisque
1013 1685 1223 1724 veniebant
1244 1694 1285 1724 ut
1311 1686 1378 1736 qui
1405 1699 1516 1737 supe-

144 1768 163 1797 4
184 1749 283 1788 riore
317 1756 434 1788 nocte
466 1749 504 1787 in
540 1749 807 1788 contuberniis
844 1749 1159 1800 commilitesque
1185 1782 1190 1788 .
1216 1782 1222 1788 .
1247 1755 1281 1791 ,Τ
1306 1764 1387 1789 non
1419 1751 1515 1789 nulli

184 1814 357 1863 graviora
398 1827 598 1853 sermones
638 1813 830 1862 militum3
874 1815 996 1854 dubia
1036 1815 1169 1854 durius
1208 1815 1512 1866 accipiebantur,

229 1929 246 1956 7
280 1917 483 1948 contumelia
522 1919 564 1951 β;
620 1918 856 1949 contumeliam
889 1918 942 1948 D:
998 1920 1039 1949 ad
1073 1920 1308 1950 contumeliam
1349 1920 1398 1952 E:
1439 1931 1514 1951 curn

183 1960 362 2009 Nipperdey
372 1965 529 2001 praepos,
550 1971 610 2001 per
623 1961 750 1992 Kz'ibler
848 1972 886 2000 13
911 1973 976 2001 que
993 1962 1051 1993 del.
1065 1962 1239 1993 Manulius
1340 1973 1378 2002 14
1395 1964 1514 1994 animis

189 2004 339 2034 Vosszus:
380 2014 457 2034 nam
482 2003 520 2033 X
652 2007 690 2035 16
715 2005 859 2036 addebat
888 2008 931 2039 B:
973 2007 1116 2044 augebat
1143 2005 1189 2034 D'
1338 2017 1377 2045 19
1401 2008 1452 2036 cui
1482 2008 1515 2038 id

189 2047 339 2078 Vossius:
365 2048 454 2086 quod
473 2046 509 2076 X
661 2049 769 2078 licerit
788 2048 845 2078 L':
872 2048 973 2079 licere
990 2049 1078 2079 D'T'
1244 2049 1346 2080 vellet
1363 2049 1425 2080 L':
1450 2050 1514 2080 vell

189 2090 234 2120 V:
275 2091 328 2121 vel
356 2090 439 2120 D‘T
612 2102 653 2130 23
677 2092 857 2122 veniebant
885 2094 927 2126 B:
964 2093 1122 2123 veniebat
1151 2091 1195 2122 D'
1379 2104 1420 2131 24
1446 2104 1514 2124 non

185 2134 268 2164 nulli
294 2135 456 2174 titertmzl]
483 2145 550 2165 non
575 2135 666 2166 nulla
689 2136 721 2165 E
807 2136 891 2166 Erat
914 2135 1012 2166 civile
1037 2136 1183 2174 bellum3
1211 2146 1320 2175 genus
1342 2136 1514 2167 hominurn

184 2178 276 2216 quod
292 2178 393 2208 licere
410 2178 475 2209 sibi
493 2179 647 2209 crederet
670 2178 775 2209 libere
799 2179 910 2209 facere
927 2184 960 2210 et
984 2181 1079 2218 sequi
1103 2180 1194 2219 quod
1211 2180 1331 2216 vellet;
1361 2180 1514 2218 legiones

185 2231 247 2251 eae
271 2231 359 2260 quae
383 2222 483 2261 paulo
509 2227 588 2252 ante
613 2223 701 2261 apud
727 2223 937 2253 adversarios
961 2222 1093 2253 fuerant
1117 2228 1207 2261 (nam
1232 2223 1332 2253 etiam
1356 2223 1514 2254 Caesaris

185 2265 351 2295 beneficia
376 2265 587 2296 imminuerat
612 2267 831 2305 consuetudo⁷
851 2276 917 2304 qua
940 2266 1179 2304 offerrentur):
1210 2266 1390 2305 municipia
1412 2267 1513 2297 etiam

186 2308 328 2338 diversis
346 2309 497 2348 partibus
514 2309 693 2340 coniuncta
706 2310 831 2348 (neque
848 2310 937 2339 enim
955 2320 997 2339 ex
1016 2309 1138 2340 Marsis
1151 2309 1388 2348 Paelignisque
1400 2310 1512 2340 venie-

186 2352 266 2382 bant
286 2352 420 2383 Uticam
437 2353 492 2391 qui
510 2362 577 2382 non
601 2353 793 2394 [superiore
814 2352 929 2393 nocte]
951 2357 1023 2384 tuto
1044 2363 1063 2383 a
1080 2352 1157 2383 Vari
1181 2353 1213 2382 in
1231 2353 1389 2384 Curionis
1410 2356 1513 2384 castra

186 2399 427 2434 commearent).
476 2396 590 2435 Itaque
609 2407 673 2426 non
692 2395 773 2426 nulli
789 2397 957 2434 graviores
973 2420 979 2427 .
1004 2420 1009 2426 .
1030 2420 1036 2426 .
1058 2396 1191 2437 [dubia]
1209 2395 1328 2427 Dinter

1540 861 1579 883 10

1536 1509 1576 1532 20
