1705 2729
614 141 656 179 C.
692 141 806 178 IVLI
839 140 1108 178 CAESARIS

199 256 252 292 M.
280 253 494 292 Favonium
524 254 575 291 ad
606 254 750 290 flumen
775 251 1086 297 Haliacmonem,
1111 252 1218 300 quod
1242 250 1520 290 Macedoniam

196 332 218 357 a
244 318 447 357 Thessalia
476 316 625 363 dividit,
648 329 738 354 cum
768 315 995 353 cohortibus
1025 327 1098 352 vm
1131 315 1326 363 praesidio
1360 315 1521 365 impedi-

198 382 338 420 mentis
378 381 576 431 legionum
616 379 768 429 reliquit
807 380 1090 428 castellumque
1129 378 1182 416 ibi
1223 379 1363 416 muniri
1397 379 1517 417 iussit.

157 463 172 491 4
199 447 353 495 Eodem
383 453 559 495 tempore
588 444 783 494 equitatus
804 443 901 493 regis
923 443 1057 492 Cotyis
1087 444 1137 481 ad
1167 450 1291 480 castra
1320 442 1431 482 Cassi
1457 444 1521 481 ad-

157 527 173 559 5
197 510 349 557 volavit,
368 509 434 559 qui
455 509 601 547 circum
622 508 866 546 Thessaliam
887 520 971 545 esse
991 514 1207 545 consuerat.
1257 508 1362 544 Tum
1382 506 1522 546 timore
1540 523 1558 554 5

197 574 418 624 perterritus
446 573 606 613 Cassius
635 572 793 622 cognito
818 571 1010 621 Scipionis
1034 572 1207 609 adventu
1226 570 1396 621 visisque
1417 571 1521 621 equi·
1541 592 1545 596 ·

196 639 311 686 tibus,
345 651 443 688 quos
475 637 668 687 Scipionis
700 649 785 675 esse
813 636 1081 682 arbitrabatur,
1109 637 1160 674 ad
1190 635 1334 674 montis
1364 649 1405 674 se
1431 649 1521 674 con-

196 703 307 741 vertit
327 702 394 752 qui
414 701 658 740 Thessaliam
689 700 849 751 cingunt
869 708 986 750 atque
1007 714 1052 738 ex
1073 699 1132 737 his
1153 699 1248 738 locis
1269 699 1520 738 Ambraciam

157 776 176 808 6
196 780 327 805 versus
349 766 419 805 iter
439 768 565 804 facere
585 765 724 814 coepit.
785 767 838 802 At
868 764 1092 814 Scipionem
1115 770 1388 814 properantem
1410 763 1520 814 sequi

195 831 343 869 litterae
382 838 472 868 sunt
509 836 745 867 consecutae
782 842 805 866 a
844 830 899 866 M.
942 828 1126 875 Favonio,
1171 827 1389 866 Domitium
1429 841 1518 866 cum
1541 841 1581 863 10

194 895 414 945 legionibus
460 895 599 933 adesse
646 906 775 943 neque
813 906 853 931 se
891 892 1138 942 praesidium,
1180 893 1247 930 ubi
1285 893 1520 932 constitutus

91 993 96 998 .
159 971 175 1004 7
196 969 307 1007 esset,
339 961 423 999 sine
453 960 596 998 auxilio
627 959 820 1009 Scipionis
852 966 983 997 tenere
1014 971 1139 1008 posse.
1200 958 1355 1006 Quibus
1386 958 1520 997 litteris

194 1025 365 1075 acceptis
385 1025 592 1063 consilium
617 1024 747 1073 Scipio
768 1023 917 1073 iterque
937 1030 1154 1061 commutat
1171 1037 1180 1070 3
1210 1022 1389 1061 Cassium
1410 1023 1520 1073 sequi

156 1097 175 1126 8
197 1090 358 1137 desistit,
392 1089 566 1128 Favonio
595 1089 781 1128 auxilium
808 1090 905 1127 ferre
935 1088 1149 1127 contendit.
1213 1089 1351 1138 Itaque
1381 1088 1444 1127 die
1473 1101 1519 1127 ac

196 1162 313 1193 nocte
344 1154 573 1193 continuato
604 1153 740 1192 itinere
771 1154 821 1192 ad
853 1167 942 1192 eum
974 1153 1149 1202 pervenit
1180 1160 1260 1191 tam
1295 1161 1518 1203 opportuno
1542 1163 1578 1195 15

197 1227 373 1268 tempore
403 1226 444 1257 ut
468 1218 584 1256 simul
613 1217 828 1256 Domitiani
858 1217 1046 1256 exercitus
1077 1217 1203 1267 pulvis
1233 1225 1453 1256 cerneretur
1481 1226 1519 1256 et

196 1283 309 1333 primi
337 1291 605 1321 antecursores
633 1283 826 1332 Scipionis
856 1282 1088 1321 viderentur.
1152 1283 1212 1320 Ita
1242 1282 1380 1321 Cassio
1410 1282 1521 1322 indu-

196 1347 286 1385 stria
308 1347 468 1394 Domiti,
494 1347 667 1386 Favonio
688 1347 881 1397 Scipionis
902 1347 1076 1386 celeritas
1097 1349 1261 1386 salutem
1281 1348 1418 1386 attulit.

125 1422 174 1461 37
250 1411 392 1461 Scipio,
419 1412 585 1450 biduum
615 1411 748 1450 castris
779 1412 925 1450 stativis
956 1420 1127 1450 moratus
1156 1413 1207 1451 ad
1237 1414 1384 1451 flumen
1411 1414 1520 1463 quod

197 1476 295 1514 inter
315 1490 405 1515 eum
427 1484 465 1515 et
490 1476 641 1515 Domiti
663 1484 786 1514 castra
807 1477 953 1514 fluebat
981 1477 1299 1525 Haliacmonem,
1321 1478 1435 1517 tertio
1455 1478 1520 1517 die
1542 1493 1581 1515 20

196 1540 320 1590 prima
340 1542 426 1579 luce
447 1541 659 1579 exercitum
680 1542 781 1579 vado
802 1541 967 1579 traducit
989 1549 1025 1580 et
1047 1542 1179 1580 castris
1207 1542 1343 1592 positis
1364 1551 1521 1593 postero

160 1622 175 1643 2
199 1604 263 1643 die
284 1618 400 1643 mane
421 1605 554 1654 copias
574 1612 665 1643 ante
681 1606 849 1643 frontem
871 1613 1084 1644 castrorum
1107 1606 1269 1645 instruit.
1322 1607 1521 1646 Domitius

197 1676 279 1707 tum
312 1682 471 1719 quoque
504 1669 578 1707 sibi
609 1670 871 1708 dubitandum
907 1683 987 1709 non
1017 1672 1166 1721 putavit
1196 1672 1291 1722 quin
1320 1672 1521 1722 productis

196 1733 415 1783 legionibus
454 1734 602 1784 proelio
634 1735 859 1773 decertaret.
920 1737 998 1774 Sed
1033 1750 1122 1775 cum
1158 1744 1259 1776 esset
1297 1736 1396 1775 inter
1427 1737 1522 1776 bina

195 1806 320 1836 castra
340 1811 502 1848 campus
529 1798 680 1837 circiter
707 1799 857 1838 milium
883 1815 1068 1851 passuum
1091 1814 1143 1849 VI,
1170 1801 1368 1840 Domitius
1389 1801 1521 1840 castris
1542 1819 1579 1850 25

196 1862 389 1912 Scipionis
420 1862 545 1901 aciem
576 1876 687 1901 suam
719 1865 895 1912 subiecit,
932 1866 997 1905 ille
1029 1880 1052 1904 a
1080 1868 1181 1905 vallo
1210 1880 1290 1905 non
1320 1867 1522 1906 discedere

159 1945 176 1974 3
196 1927 462 1977 perseveravit.
523 1929 575 1965 At
596 1935 727 1966 tamen
748 1943 860 1979 aegre
881 1931 1039 1969 retentis
1071 1931 1307 1970 Domitianis
1334 1930 1521 1969 militibus

195 1998 253 2029 est
273 1992 420 2029 factum
440 2005 489 2030 ne
510 1993 659 2041 proelio
681 1996 994 2042 contenderetur‚
1017 2004 1054 2034 et
1082 1996 1261 2042 maxime,
1283 1996 1392 2045 quod
1419 1994 1521 2032 rivus

196 2054 418 2094 difficilibus
439 2056 528 2105 ripis
551 2057 750 2097 subiectus
766 2060 900 2098 castris
921 2060 1114 2110 Scipionis
1134 2072 1358 2110 progressus
1374 2065 1523 2097 nostro⁴

244 2169 257 2188 1
286 2160 540 2192 Haliacmonem
560 2162 691 2193 Aldus:
719 2162 905 2193 alcmonem
923 2162 961 2191 X
1082 2173 1102 2201 3
1126 2162 1295 2201 legionum
1315 2161 1522 2192 Glareanus:

196 2201 336 2240 legionis
353 2203 391 2233 X
521 2216 540 2242 4
565 2206 684 2244 Cotyis
701 2205 898 2246 Nipperdff:
924 2205 1033 2236 Cottis
1052 2206 1159 2244 (Cotti
1176 2206 1220 2236 E>
1239 2203 1277 2234 X
1399 2214 1419 2244 5
1444 2215 1523 2235 con-

196 2246 326 2286 suerat]
345 2253 569 2279 consueverat
587 2248 687 2279 ELU
817 2259 854 2279 11
880 2259 918 2279 se
934 2259 1000 2280 om.
1021 2248 1066 2278 D'
1213 2259 1250 2278 12
1275 2257 1375 2287 posse
1395 2258 1458 2278 om.
1478 2248 1524 2278 D'

200 2298 240 2327 19
262 2289 397 2321 biduum
416 2290 493 2324 Da:
528 2292 627 2322 biduo
651 2292 684 2321 in
704 2292 753 2322 E:
791 2291 927 2322 biduom
946 2291 1089 2322 Holder:
1124 2293 1261 2322 biduum
1282 2292 1314 2320 in
1333 2302 1351 2321 ν
1480 2301 1523 2321 20

198 2331 457 2364 Haliacmonem
469 2334 601 2364 Aldus:
623 2335 665 2365 ali
679 2335 715 2373 (y
727 2334 775 2368 D)
786 2344 824 2365 sa
839 2335 863 2373 (i
877 2335 926 2365 E:
949 2335 979 2365 ai
997 2334 1041 2373 U)
1055 2339 1093 2366 ca
1105 2333 1142 2364 X
1227 2344 1267 2373 23
1287 2338 1357 2364 tum
1370 2332 1522 2374 quoque]

196 2385 330 2415 quoque
348 2381 418 2407 tum
435 2377 561 2407 Kic‘bler
705 2388 745 2416 25
770 2378 821 2418 v1]
848 2388 872 2407 11
896 2377 1012 2418 Stoffil
1157 2378 1200 2408 26
1224 2377 1309 2408 vallo
1327 2388 1361 2408 r:
1385 2377 1473 2408 valle
1489 2375 1526 2406 Χ

197 2419 374 2450 discedere
391 2422 412 2452 Β
429 2431 435 2451 :
460 2421 667 2451 descendere
686 2421 731 2451 D'
818 2431 858 2459 27
883 2420 946 2461 At]
966 2431 1004 2451 ac
1021 2420 1196 2460 Nipperdey
