1705 2729
356 163 430 199 DE
462 162 642 200 BELLO
674 162 1035 200 HISPANIENSI
1067 163 1236 199 LIBER

135 273 257 311 hostis
273 281 351 311 erat
369 273 552 323 superior,
570 280 611 311 ut
625 274 907 312 transeundum
928 273 1103 322 superius
1120 272 1190 311 iter
1206 275 1457 312 vehementer

134 344 234 375 esset
267 337 539 386 periculosum.
600 338 721 386 Quod
759 350 849 374 cum
888 350 911 374 a
949 338 1115 375 Caesare
1153 344 1255 375 esset
1284 337 1495 375 animad-5

135 415 299 448 versum,
338 415 386 439 ne
425 401 520 451 quid
560 409 705 440 temere
746 403 861 450 culpa
900 414 1011 439 secus
1042 400 1322 447 admitteretur,
1363 414 1453 439 eum

134 467 265 504 locum
291 465 453 504 definire
475 465 613 515 coepit.
677 466 797 514 Quod
827 479 917 503 cum
942 465 1148 503 hominum
1175 466 1333 504 auribus
1355 472 1456 504 esset
1475 476 1494 507 4

96 543 113 574 5
134 529 344 576 obiectum,
380 531 544 567 moleste
570 538 608 567 et
638 529 778 567 acerbe
809 529 1056 578 accipiebant
1091 543 1132 567 se
1166 529 1346 579 impediri
1375 543 1456 579 quo

134 593 262 631 minus
284 593 475 643 proelium
497 594 690 631 conficere
718 601 887 642 possent.
950 595 1064 631 Haec
1085 606 1194 631 mora
1212 593 1453 632 adversarios
1473 602 1491 634 5

132 657 336 696 alacriores
369 658 583 696 efficiebat:
633 657 810 696 Caesaris
844 657 977 707 copias
1018 658 1155 697 timore
1187 657 1366 708 impediri
1405 659 1455 697 ad

133 722 462 761 committendum
482 722 684 772 proelium.
748 724 808 760 Ita
837 736 878 760 se
907 724 1109 761 efferentes
1132 723 1267 772 iniquo
1287 724 1375 761 loco
1396 722 1455 761 sui
1476 732 1494 763 6

131 793 369 835 potestatem
402 785 608 832 faciebant,
646 794 688 824 ut
720 800 862 836 magno
901 794 1032 825 tamen
1065 787 1238 836 periculo
1275 800 1455 826 accessus

78 863 115 885 10
134 862 268 888 eorum
308 850 524 888 haberetur.
587 850 667 888 Hic
705 850 915 889 decumani
954 865 1066 889 suum
1108 853 1248 898 locum,
1290 863 1493 897 cornum7

134 915 324 960 dextrum,
365 914 561 961 tenebant,
604 913 801 952 sinistrum
849 927 905 952 111.
948 922 985 953 et
1024 927 1072 961 xz,
1114 915 1287 965 itemque
1325 922 1454 953 cetera

131 978 272 1016 auxilia
292 986 330 1016 et
350 978 555 1028 equitatus.
616 978 813 1017 Proelium
834 981 1003 1017 clamore
1023 981 1126 1018 facto
1148 979 1411 1017 committitur.

187 1042 266 1081 Hic
294 1043 365 1081 etsi
394 1043 533 1081 virtute
562 1043 683 1081 nostri
711 1045 1010 1091 antecedebant,
1042 1044 1250 1082 adversarii
1281 1046 1368 1082 loco
1392 1058 1451 1082 su-
1470 1050 1514 1086 31

132 1107 282 1157 periore
314 1121 351 1145 se
380 1108 647 1146 defendebant
680 1108 877 1155 acerrime,
918 1116 955 1147 et
994 1110 1206 1147 vehemens
1245 1109 1363 1147 fiebat
1401 1109 1452 1147 ab

76 1185 112 1218 15
133 1171 306 1221 utrisque
332 1173 480 1210 clamor
503 1173 750 1222 telorumque
778 1172 898 1211 missu
929 1186 1153 1220 concursus,
1176 1173 1232 1212 sic
1261 1181 1303 1211 ut
1329 1186 1453 1223 prope

132 1236 253 1274 nostri
290 1235 512 1274 diffiderent
550 1236 744 1275 victoriae.
804 1239 1047 1287 Congressus
1080 1238 1186 1276 enirn
1224 1245 1263 1276 et
1293 1239 1450 1284 clamor,
1476 1254 1490 1274 2

133 1300 275 1351 quibus
295 1301 410 1339 rebus
433 1301 599 1340 maxime
616 1301 738 1340 hostis
758 1309 1009 1349 conterretur,
1024 1302 1065 1340 in
1084 1304 1229 1341 collatu
1249 1302 1331 1352 pari
1345 1310 1453 1340 erant

132 1364 377 1404 condicione.
437 1367 498 1404 Ita
536 1379 583 1404 ex
621 1373 786 1415 utroque
824 1380 965 1416 genere
1002 1380 1156 1416 pugnae
1194 1380 1284 1404 curn
1320 1380 1452 1417 parem
1475 1379 1491 1408 3

133 1429 313 1468 virtutem
351 1430 402 1468 ad
441 1430 668 1469 bellandum
707 1430 975 1478 contulissent,
1015 1430 1184 1480 pilorum
1223 1431 1344 1469 missu
1379 1432 1454 1468 fixa

75 1507 114 1529 20
132 1495 352 1533 cumulatur
378 1502 415 1532 et
442 1494 615 1533 concidit
642 1494 949 1534 adversariorum
980 1494 1201 1534 multitudo.
1263 1497 1452 1534 Dextrum
1473 1509 1493 1539 4

134 1556 208 1611 [ut]
230 1559 583 1598 demonstravimus
603 1561 846 1598 decumanos
877 1573 1041 1598 cornum
1062 1559 1233 1598 tenuisse
1251 1575 1260 1607 3
1293 1560 1361 1610 qui
1381 1560 1452 1598 etsi

132 1632 240 1662 erant
253 1624 377 1674 pauci,
389 1632 520 1662 tamen
533 1631 691 1674 propter
703 1624 884 1662 virtutem
902 1638 1045 1674 magno
1058 1623 1299 1663 adversarios
1313 1624 1453 1662 timore

132 1702 267 1727 eorum
289 1702 407 1739 opera
425 1688 674 1736 adiiciebant,
693 1690 800 1738 quod
817 1702 839 1727 a
855 1702 926 1727 suo
947 1690 1036 1728 loco
1057 1688 1179 1727 hostis
1200 1690 1453 1727 vehementer

131 1770 307 1806 premere
340 1764 564 1807 coeperunt,
601 1764 643 1795 ut
673 1757 724 1794 ad
756 1754 987 1801 subsidium,
1018 1768 1068 1792 ne
1101 1754 1152 1792 ab
1182 1756 1301 1793 latere
1330 1754 1451 1793 nostri

73 1836 111 1868 25
131 1829 379 1871 occuparent,
428 1821 530 1871 legio
572 1820 880 1860 adversariorum
921 1818 1070 1858 traduci
1118 1826 1259 1868 coepta
1305 1819 1354 1857 sit
1400 1820 1451 1858 ad

130 1887 320 1924 dextrum.
378 1888 492 1935 Quae
505 1885 619 1924 simul
634 1894 691 1924 est
707 1893 824 1932 mota,
842 1884 1037 1934 equitatus
1054 1884 1231 1923 Caesaris
1253 1883 1449 1922 sinistrum
1470 1895 1488 1926 5

130 1964 294 1989 cornum
314 1965 489 2002 premere
506 1950 635 2001 coepit
655 1950 708 1989 ita
727 1950 783 1988 uti
804 1948 945 1988 eximia
959 1949 1099 1987 virtute
1119 1948 1310 1998 proelium
1324 1950 1450 1988 facere

174 2066 193 2095 3
218 2066 316 2087 secus
332 2055 389 2087 X:
422 2066 557 2087 suorum
582 2055 723 2087 Kuebler
866 2066 885 2093 4
910 2054 1052 2086 definire
1075 2053 1168 2084 U'T:
1203 2054 1345 2084 diffinire
1362 2053 1450 2084 DV:

131 2100 302 2130 declinare
318 2100 398 2131 coni.
416 2099 556 2130 Kuebler
684 2109 703 2138 5
728 2108 764 2129 se
782 2109 846 2129 om.
872 2098 908 2129 T'
1044 2108 1082 2128 10
1107 2107 1244 2128 cornum
1261 2097 1350 2127 DU:
1379 2107 1449 2128 cor-

132 2153 234 2173 nuum
255 2143 302 2173 V:
338 2153 442 2174 cornu
459 2143 522 2173 FT
653 2152 687 2173 11
709 2145 784 2183 post
806 2152 838 2172 v.
862 2141 935 2172 add.
957 2141 1044 2180 legio
1063 2141 1122 2171 A²6
1213 2145 1246 2170 et
1270 2140 1357 2179 quod
1378 2143 1451 2170 aule

132 2190 244 2216 cetera
269 2186 341 2217 hab.
361 2185 487 2227 Xpost
505 2185 632 2217 auxilia
643 2191 713 2225 pos
742 2185 811 2216 edd.
840 2188 933 2216 vett.:
983 2183 1056 2215 add.
1085 2189 1118 2214 et
1139 2187 1214 2223 post
1241 2184 1366 2214 auxilia
1395 2183 1454 2213 alst

134 2238 170 2266 14
196 2239 233 2259 se
257 2239 320 2260 om.
340 2228 396 2259 X:
440 2233 515 2269 post
536 2229 722 2260 adversarii
748 2229 867 2268 legitur
887 2228 920 2258 in
946 2228 1030 2258 codd.
1060 2239 1127 2259 rccc.
1148 2239 1153 2257 ,τ
1178 2231 1250 2267 post
1273 2227 1449 2265 superiore

125 2272 237 2311 posuit
262 2272 440 2312 Nipperdey
584 2283 620 2311 17
647 2277 742 2303 erant
758 2271 871 2301 Aldus
886 2283 892 2300 :
918 2276 990 2302 erat
1007 2270 1044 2299 X
1173 2281 1211 2300 21
1239 2275 1273 2301 ut
1290 2270 1359 2300 secl.
1377 2269 1445 2300 edd.

130 2325 268 2345 cornum
285 2315 417 2346 DU'V:
441 2326 544 2346 cornu
568 2316 596 2346 T
680 2326 720 2354 23
744 2315 923 2346 adficiebat
941 2314 1130 2344 Mommsen
1229 2324 1269 2353 :25
1294 2325 1312 2344 a
1330 2315 1449 2344 dextro

131 2358 298 2398 Glandorp
386 2360 427 2389 26
450 2360 622 2390 sinistrum
639 2357 692 2388 X:
714 2358 853 2389 sinistro
867 2356 1046 2398 Nipperdey
1144 2367 1183 2396 27
1203 2368 1338 2388 cornum
1357 2356 1448 2387 DU:

129 2412 232 2432 cornu
250 2402 280 2431 F
283 2402 319 2432 T‘
335 2402 513 2443 Nippcrdry
