1705 2729
472 103 546 140 DE
578 102 758 140 BELLO
789 102 967 140 CIVILI
999 103 1100 139 LIB.
1135 104 1152 139 I

155 216 338 256 omnibus
370 216 493 266 copiis
522 217 572 254 ad
602 215 806 253 Afranium
838 214 1114 265 proficiscatur,
1145 216 1268 254 Varro
1299 229 1388 254 curn
1421 215 1476 254 eis

154 294 250 330 quas
294 281 465 319 habebat
503 279 722 329 legionibus
761 293 921 318 omnem
964 280 1187 318 ulteriorem
1239 280 1474 330 Hispaniam

154 351 314 383 tueatur.
376 344 451 383 His
471 345 586 383 rebus
608 343 828 382 constitutis
849 343 1000 393 equites
1024 344 1246 394 auxiliaque
1270 345 1340 382 toti
1366 345 1474 382 Lusi·
1496 355 1513 384 3

153 408 279 447 taniae
299 422 322 447 a
342 408 504 455 Petreio,
524 408 768 454 Celtiberiae,
788 407 995 447 Cantabris
1015 407 1268 457 barbarisque
1288 409 1473 446 omnibus

115 480 130 510 5
152 472 218 521 qui
238 474 288 511 ad
309 473 513 512 Oceanum
534 473 728 522 pertinent
748 474 798 510 ab
818 472 981 510 Afranio
1008 472 1256 522 imperantur.
1318 472 1473 520 Quibus
1493 489 1513 518 4

151 536 295 574 coactis
316 536 490 575 celeriter
510 536 683 575 Petreius
700 550 768 586 per
784 538 975 582 Vettones
991 538 1042 574 ad
1058 536 1263 574 Afranium
1284 537 1470 586 pervenit,

151 601 471 650 constituuntque
502 600 703 639 communi
734 600 898 638 consilio
929 601 1076 639 bellum
1110 602 1161 639 ad
1190 601 1359 639 Ilerdam
1388 615 1473 651 pro-

149 673 233 716 pter
252 665 372 716 ipsius
392 666 468 704 loci
489 665 822 715 opportunitatem
842 678 983 714 gerere.

204 732 332 777 Erant,
370 737 411 768 ut
445 743 558 780 supra
589 731 901 768 demonstratum
933 737 1001 777 est,
1034 730 1206 780 legiones
1240 732 1375 769 Afrani
1411 743 1467 778 111,
1490 739 1544 778 39

92 804 131 826 10
150 793 276 832 Petrei
302 795 414 841 duae,
440 802 638 844 praeterea
668 802 841 832 scutatae
867 794 1053 833 citerioris
1078 795 1300 845 provinciae
1327 802 1365 833 et
1389 808 1472 834 cae-

148 865 267 896 tratae
281 858 470 897 ulterioris
489 858 706 908 Hispaniae
721 859 901 897 cohortes
918 858 1068 897 circiter
1085 870 1199 896 Lxxx
1216 859 1472 909 equitumque

147 922 348 972 utriusque
381 922 603 973 provinciae
637 922 787 962 circiter
818 935 842 960 v
874 923 989 961 milia.
1051 924 1194 963 Caesar
1228 923 1400 974 legiones
1432 924 1471 962 in
1494 940 1506 960 2

148 986 383 1036 Hispaniam
403 987 652 1037 praemiserat
668 999 707 1025 vl
724 1002 734 1034 3
759 986 899 1025 auxilia
919 988 1096 1038 peditum
1113 989 1278 1035 †nulla†,
1294 988 1471 1038 equitum

146 1062 192 1088 111
208 1051 323 1098 milia,
338 1064 438 1101 quae
451 1051 634 1090 omnibus
655 1051 916 1101 superioribus
930 1052 1041 1090 bellis
1062 1052 1261 1099 habuerat,
1280 1060 1317 1091 et
1338 1066 1469 1103 parem

89 1126 126 1158 15
146 1127 192 1153 ex
226 1115 353 1153 Gallia
386 1129 604 1163 numerum,
638 1129 755 1166 quem
794 1116 877 1165 ipse
915 1124 1114 1166 paraverat
1153 1116 1385 1155 nominatim
1425 1131 1471 1156 ex

145 1179 328 1219 omnibus
359 1180 579 1219 civitatibus
610 1180 855 1219 nobilissimo
887 1187 924 1219 et
955 1180 1166 1219 fortissimo
1196 1194 1354 1231 quoque
1384 1195 1471 1220 evo-

144 1252 232 1283 cato
246 1260 256 1293 3
290 1246 367 1283 huc
388 1245 526 1295 optimi
551 1245 702 1295 generis
730 1245 935 1283 hominum
957 1259 1003 1284 ex
1029 1246 1237 1295 Aquitanis
1258 1247 1469 1285 montanis-

143 1324 230 1360 que,
281 1310 347 1360 qui
396 1310 563 1349 Galliam
618 1310 858 1360 provinciam
911 1311 1117 1361 attingunt,
1150 1342 1157 1348 .
1190 1342 1197 1349 .
1231 1341 1238 1349 .
1269 1312 1464 1350 adiecerat.

143 1374 331 1413 Audierat
358 1375 590 1425 Pompeium
621 1388 689 1424 per
716 1374 1003 1413 Mauretaniam
1033 1388 1123 1412 curn
1151 1375 1370 1424 legionibus
1396 1376 1467 1414 iter
1486 1390 1504 1420 3

86 1448 125 1470 20
143 1438 181 1476 in
214 1439 448 1489 Hispaniam
482 1441 607 1477 facere
640 1438 925 1488 confestimque
955 1451 1040 1476 esse
1066 1446 1284 1477 venturum.
1344 1439 1466 1477 Simul

141 1516 163 1540 a
188 1502 351 1541 tribunis
379 1502 545 1541 militum
577 1502 951 1552 centurionibusque
976 1510 1131 1540 mutuas
1156 1503 1341 1552 pecunias
1366 1517 1467 1541 sum-

141 1566 216 1616 psit
231 1582 240 1614 3
268 1569 336 1605 has
353 1567 536 1606 exercitui
553 1566 759 1606 distribuit.
812 1568 904 1615 Quo
921 1568 1023 1605 facto
1040 1568 1137 1605 duas
1154 1581 1212 1605 res
1230 1576 1464 1606 consecutus
1484 1581 1504 1610 4

140 1639 209 1678 est,
232 1633 339 1682 quod
360 1632 520 1682 pignore
544 1631 697 1669 animos
718 1631 991 1669 centurionum
1013 1631 1185 1670 devinxit
1205 1640 1243 1670 et
1264 1632 1465 1682 largitione

140 1696 306 1734 militum
326 1698 545 1735 voluntates
565 1696 739 1735 redemit.

82 1771 118 1801 ²5
193 1761 337 1799 Fabius
367 1761 618 1799 finitimarum
649 1761 848 1799 civitatum
882 1759 1034 1798 animos
1069 1760 1203 1799 litteris
1238 1761 1463 1811 nuntiisque
1483 1771 1541 1808 40

137 1825 364 1875 temptabat.
420 1827 466 1863 In
488 1825 619 1864 Sicore
640 1825 801 1863 flumine
816 1824 946 1874 pontis
967 1826 1146 1863 effecerat
1163 1826 1262 1864 duos
1283 1826 1462 1864 distantis

137 1890 236 1928 inter
255 1903 296 1928 se
317 1890 421 1928 milia
442 1903 627 1939 passuum
649 1902 723 1927 1111.
785 1889 860 1927 His
882 1889 1067 1939 pontibus
1088 1890 1317 1940 pabulatum
1338 1891 1462 1930 mitte-

138 1955 213 2001 bat,
236 1956 344 2005 quod
368 1969 414 1993 ea
440 1969 540 2005 quae
567 1955 661 1994 citra
685 1957 831 1994 fiumen
852 1956 1003 1993 fuerant
1033 1954 1296 2004 superioribus
1321 1955 1460 1995 diebus

137 2027 441 2069 consumpserat.
520 2022 613 2058 Hoc
651 2020 756 2059 idem
795 2021 873 2058 fere
914 2026 1032 2069 atque
1077 2020 1215 2057 eadem
1254 2020 1304 2058 de
1342 2033 1459 2058 causa
1480 2035 1496 2056 2

79 2090 118 2120 30
137 2083 365 2132 Pompeiani
403 2083 591 2122 exercitus
629 2085 750 2122 duces
788 2083 994 2130 faciebant,
1028 2083 1244 2133 crebroque
1282 2083 1381 2122 inter
1418 2098 1459 2122 se

178 2196 197 2223 3
221 2187 281 2216 toti
319 2186 544 2217 Vascosanus:
583 2187 684 2217 totius
709 2186 745 2215 X
878 2197 916 2225 13
948 2196 983 2216 VI
1011 2186 1215 2217 Ciaccom'us:
1249 2188 1290 2217 ad
1318 2198 1352 2218 VI
1380 2189 1456 2227 (sex

136 2227 254 2266 D'FL)
271 2229 360 2260 milia
376 2228 414 2258 X
499 2229 586 2260 nulla
603 2229 658 2260 X:
683 2240 705 2259 v
722 2230 810 2259 milia
827 2229 1026 2270 Nipperdey:
1050 2240 1071 2259 x
1089 2230 1177 2260 milia
1194 2230 1308 2270 Stoffi‘l
1419 2242 1455 2270 14

136 2282 223 2310 quae
239 2271 313 2303 add.
332 2272 394 2303 cod.
416 2272 521 2303 Cm'ac.
650 2282 687 2311 15
711 2283 810 2311 quem
829 2277 876 2304 A:
901 2273 968 2312 qu&
984 2273 1032 2304 E:
1056 2283 1153 2312 quam
1172 2272 1209 2302 X
1280 2280 1455 2312 paraverat

137 2319 185 2344 Δ;
210 2321 392 2354 pacaverat
408 2318 449 2349 B:
477 2316 640 2355 petiverat
663 2317 695 2346 E
829 2326 865 2354 17
892 2316 956 2347 huc
982 2315 1045 2347 cod.
1067 2316 1207 2347 Aeln'llz's
1225 2316 1343 2348 Statii:
1377 2318 1454 2348 huic

137 2361 198 2387 cett.
337 2359 373 2388 18
399 2383 405 2389 .
428 2381 433 2388 .
453 2383 459 2390 .
481 2360 651 2389 adiecerat
669 2359 742 2389 add.
761 2358 849 2389 Helai
