1705 2729
622 140 665 179 C.
701 141 816 178 IVLI
849 140 1118 179 CAESARIS

203 251 323 290 videri
365 260 553 301 receptos,
595 265 643 289 ne
683 259 748 289 aut
787 251 957 301 ingratus
998 252 1035 289 in
1075 254 1277 292 referenda
1310 255 1430 304 gratia
1467 264 1533 294 aut

202 329 384 365 arrogans
415 316 453 353 in
484 315 757 365 praeripiendo
787 316 922 365 populi
952 317 1146 356 beneficio
1176 318 1379 358 videretur.

158 389 183 416 2
260 380 334 417 His
374 380 489 418 rebus
524 388 561 418 et
596 379 698 418 feriis
734 379 883 418 Latinis
915 381 1164 431 comitiisque
1203 383 1386 421 omnibus
1426 385 1534 434 perfi-

203 444 352 483 ciendis
378 456 425 493 ἐς
458 444 545 494 dies
571 444 705 483 tribuit
734 444 1005 495 dictaturaque
1035 459 1076 484 se
1105 446 1263 485 abdicat
1293 455 1330 486 et
1359 449 1409 486 ab
1438 449 1534 487 urbe

164 520 178 540 2
201 508 458 558 proficiscitur
504 508 838 559 Brundisiumque
880 510 1065 559 pervenit.
1145 513 1205 549 Eo
1243 512 1415 562 legiones
1458 525 1571 560 X11,5

194 573 419 623 ‘equitatum
459 586 619 611 omnem
649 573 781 612 venire
819 574 991 612 iusserat.
1071 575 1149 613 Sed
1189 584 1340 614 tantum
1375 576 1533 616 navium

200 638 378 688 repperit,
424 646 467 676 ut
506 646 671 687 anguste
713 642 792 678 †xv
836 638 967 678 miliai‘
1009 639 1312 689 legionariorum
1353 641 1532 689 militum,

201 714 227 740 D
249 703 400 753 equites
421 702 671 752 transportari
697 711 867 752 possent.
929 705 1163 761 HQm
1189 703 1338 756 [inopia
1357 704 1532 758 navium]

163 779 179 808 3
201 768 359 817 Caesari
382 769 434 807 ad
457 768 695 807 celeritatem
723 768 961 817 conficiendi
991 768 1082 807 belli
1112 770 1245 824 defuit.
1306 772 1438 820 Atque
1465 783 1534 809 eae

199 833 306 882 ipsae
336 833 473 883 copiae
506 834 583 871 hoc
622 832 947 883 infrequentiores
967 826 1247 883 '‘imponuntur,
1283 836 1391 885 quod
1421 835 1533 873 multi

199 897 349 936 Galliae
383 905 441 935 tot
475 897 586 935 bellis
618 898 843 936 defecerant
874 899 1115 947 longumque
1150 898 1222 936 iter
1258 912 1304 937 ex
1339 899 1533 949 Hispania

199 975 386 1012 magnum
407 975 614 1000 numerum
636 962 882 1000 deminuerat
899 970 936 1000 et
956 963 1080 1012 gravis
1100 971 1313 1002 autumnus
1334 963 1373 1001 in
1390 963 1534 1014 Apulia

198 1027 425 1076 circumque
448 1026 701 1065 Brundisium
723 1040 769 1065 ex
790 1026 1052 1066 saluberrimis
1074 1028 1226 1066 Galliae
1247 1036 1285 1066 et
1314 1028 1533 1078 Hispaniae

197 1092 422 1143 regionibus
444 1105 604 1131 omnem
625 1092 837 1131 exercitum
855 1092 1079 1131 valetudine
1101 1100 1368 1143 temptaverat.

153 1165 177 1202 3
252 1157 464 1207 Pompeius
484 1157 847 1207 aanpatium
863 1159 913 1196 ad
931 1159 1215 1207 comparandas
1230 1158 1363 1208 copias
1381 1165 1529 1206 nactus,

197 1223 305 1272 quod
322 1235 488 1260 vacuum
503 1236 525 1260 a
545 1223 650 1260 bello
671 1230 789 1272 atque
804 1223 854 1261 ab
875 1224 989 1261 hoste
1005 1222 1175 1261 otiosum
1197 1224 1330 1270 fuerat,
1349 1236 1532 1273 magnam

197 1300 243 1325 ex
278 1287 372 1325 Asia
410 1287 729 1337 Cycladibusque
768 1287 914 1334 insulis,
957 1288 1138 1337 Corcyra,
1175 1287 1352 1334 Athenis,
1390 1290 1530 1335 Ponto,

198 1351 391 1401 Bithynia,
416 1351 534 1401 Syria,
558 1351 706 1398 Cilicia,
727 1352 936 1399 Phoenice,
954 1354 1133 1402 Aegypto
1154 1354 1317 1391 classem
1339 1361 1530 1403 coegerat,

197 1430 380 1467 magnam
417 1417 602 1455 omnibus
637 1416 732 1455 locis
771 1417 1060 1456 aedificandam
1100 1426 1310 1465 curaverat,
1349 1431 1530 1468 magnam

161 1496 173 1516 2
197 1480 426 1530 imperatam
449 1481 577 1528 Asiae,
601 1481 731 1530 Syriae
753 1481 988 1531 regibusque
1012 1482 1196 1520 omnibus
1224 1490 1262 1521 et
1290 1483 1463 1532 dynastis
1493 1491 1530 1522 et

196 1545 397 1583 tetrarchis
436 1553 474 1583 et
512 1545 643 1584 liberis
683 1546 856 1584 Achaiae
894 1546 1050 1596 populis
1090 1547 1299 1596 pecuniam
1339 1556 1528 1598 exegerat,

197 1623 379 1660 magnam
400 1610 606 1649 societates
635 1622 767 1649 earum
788 1611 1076 1661 provinciarum
1104 1625 1201 1662 quas
1222 1612 1305 1662 ipse
1325 1613 1529 1660 obtinebat

197 1675 270 1713 sibi
291 1688 496 1713 numerare
516 1684 705 1725 coegerat.

150 1750 172 1785 4
251 1739 445 1790 Legiones
466 1741 645 1778 effecerat
667 1739 810 1778 civium
833 1742 1106 1779 Romanorum
1129 1753 1219 1779 vl111
1239 1757 1245 1779 z
1287 1754 1312 1778 v
1336 1755 1383 1781 ex
1404 1742 1527 1789 Italia,

196 1817 293 1854 quas
322 1805 544 1843 traduxerat
558 1820 567 1852 3
598 1818 717 1843 unam
743 1818 789 1843 ex
814 1805 953 1844 Cilicia
981 1814 1216 1854 veteranam,
1240 1819 1359 1856 quam
1385 1808 1527 1846 factam
1549 1819 1563 1840 2

196 1882 242 1907 ex
271 1869 425 1907 duabus
454 1871 662 1919 gemellam
689 1870 912 1919 appellabat
927 1884 937 1918 ,·
966 1884 1085 1909 unam
1114 1885 1160 1910 ex
1187 1871 1303 1910 Creta
1332 1878 1370 1910 et
1399 1873 1529 1910 Mace-

196 1934 316 1972 donia
356 1947 403 1972 ex
442 1934 633 1972 veteranis
675 1934 875 1982 militibus,
910 1935 977 1984 qui
1015 1935 1165 1973 dimissi
1203 1949 1225 1973 a
1263 1936 1528 1986 superioribus

196 1998 495 2048 imperatoribus
523 1999 561 2036 in
592 1999 651 2037 his
678 1999 888 2049 provinciis
915 2001 1175 2039 consederant
1189 2016 1199 2048 ,-
1229 2001 1326 2039 duas
1354 2014 1400 2039 ex
1419 1991 1564 2048 Asia]⁸

1557 849 1594 872 10

1554 1171 1591 1203 15

1552 1494 1590 1515 20

159 2080 173 2100 2
196 2077 292 2114 quas
323 2066 514 2103 Lentulus
542 2066 679 2103 consul
709 2064 1014 2104 conscribendas
1045 2073 1252 2103 curaverat.
1324 2067 1527 2104 Praeterea
1582 2096 1585 2099 t

233 2178 249 2207 7
268 2178 314 2198 xv
340 2168 429 2199 milia
457 2168 719 2207 legionariorum
755 2168 897 2199 militum
929 2168 985 2199 X:
1031 2170 1085 2199 vix
1117 2179 1165 2199 vu
1194 2169 1325 2199 illarum
1355 2168 1525 2208 legionum

195 2211 401 2251 Hoffinanu:
439 2222 487 2241 vn
507 2212 660 2250 legiones
679 2212 867 2243 ciacconius
1055 2213 1074 2242 8
1099 2213 1228 2251 equites
1245 2212 1294 2241 E:
1322 2212 1444 2242 milites
1462 2216 1524 2243 cett.

195 2255 414 2294 transportari
441 2254 660 2285 Vascosamts:
695 2260 926 2294 transportare
942 2254 980 2284 X
1065 2256 1177 2294 inopia
1201 2256 1333 2285 navium
1357 2255 1415 2286 del.
1439 2255 1524 2286 Cinc-

195 2299 305 2328 com'us
497 2309 535 2328 10
560 2298 677 2337 copia}
693 2302 770 2338 post
789 2298 1076 2338 infrequentiores
1095 2298 1168 2329 add.
1194 2297 1238 2336 X,
1256 2297 1313 2329 del.
1340 2297 1427 2330 codd.
1453 2309 1524 2330 rece.

199 2351 233 2371 11
263 2341 392 2372 Galliae
410 2341 461 2371 E:
481 2341 567 2372 Galli
580 2345 643 2373 cett.
660 2354 666 2372 ι
685 2341 823 2372 Gallicis
838 2354 856 2373 r
945 2352 987 2371 22
1012 2351 1166 2381 magnam
1184 2341 1298 2372 Aldus
1314 2353 1320 2372 :
1337 2351 1476 2381 magnas
1492 2340 1530 2371 X

197 2394 237 2424 25
263 2385 381 2416 Cilicia
401 2384 605 2415 Ciacconius:
631 2384 739 2415 sicilia
756 2383 793 2414 Χ
