1705 2729
602 126 645 164 C.
681 128 795 165 IVLI
829 130 1099 169 CAESARIS

185 237 365 274 consulto
405 237 571 275 societas
604 247 684 277 erat
723 241 835 287 facta,
869 242 1040 280 ostendit
1080 243 1152 282 sibi
1191 247 1344 295 placere
1383 260 1510 298 regem

188 302 458 339 Ptolomaeum
480 309 599 352 atque
620 304 702 343 eius
731 318 903 344 sororem
927 309 1177 357 Cleopatram
1199 310 1389 350 exercitus
1413 326 1512 362 quos

184 365 371 404 haberent
401 366 597 406 dimittere
621 376 658 407 et
686 370 736 408 de
765 372 1037 411 controversiis
1068 373 1148 412 iure
1176 376 1283 425 apud
1312 389 1352 414 se
1382 377 1512 427 potius

181 443 300 480 quarn
321 430 420 469 inter
440 445 481 471 se
501 433 617 471 armis
638 434 865 485 disceptare.

88 497 160 535 108
236 496 328 533 Erat
348 495 387 533 in
409 498 683 545 procuratione
704 500 811 549 regni
832 509 989 551 propter
1004 510 1171 541 aetatem
1193 505 1303 554 pueri
1324 506 1510 546 nutricius
1530 523 1547 554 5

180 558 272 606 eius,
310 562 515 600 eunuchus
547 563 707 602 nomine
744 565 944 604 Pothinus.
1017 569 1056 605 Is
1088 567 1256 618 primum
1289 569 1388 608 inter
1419 584 1509 610 suos

179 623 288 673 queri
318 632 436 675 atque
470 626 662 677 indignari
694 629 824 679 coepit
858 643 987 679 regem
1021 632 1072 669 ad
1106 645 1263 670 causam
1299 633 1508 674 dicendam

144 703 158 723 2
179 690 330 727 evocari
348 705 357 737 3
397 691 542 731 deinde
576 693 773 733 adiutores
803 697 998 744 quosdam
1028 697 1165 735 consili
1201 697 1258 736 sui
1291 707 1428 738 nactus
1463 714 1509 739 ex

179 754 276 803 regis
297 755 432 794 amicis
454 757 665 796 exercitum
689 772 712 797 a
734 760 890 798 Pelusio
912 762 1012 798 clam
1033 762 1310 800 Alexandriam
1332 765 1507 803 evocavit

177 826 295 867 atque
325 822 496 859 eundem
528 823 722 860 Achillam
753 824 863 862 cuius
893 838 1009 875 supra
1043 826 1292 865 meminimus
1322 828 1506 867 omnibus
1533 845 1568 867 ro

142 883 300 933 3copiis
339 886 533 934 praefecit.
596 889 717 926 Hunc
756 889 960 928 incitatum
999 891 1077 928 suis
1116 898 1153 929 et
1192 892 1289 941 regis
1328 892 1505 931 inflatum

177 948 526 998 pollicitationibus
551 964 652 1001 quae
679 953 760 990 fieri
782 955 897 991 vellet
923 953 1058 992 litteris
1087 955 1314 1005 nuntiisque
1334 957 1502 995 edocuit.

138 1013 226 1057 4In
258 1020 493 1054 testamento
534 1016 752 1055 Ptolomaei
785 1017 903 1067 patris
941 1019 1105 1057 heredes
1144 1027 1251 1058 erant
1290 1020 1421 1071 scripti
1459 1035 1506 1060 ex

176 1078 332 1117 duobus
368 1080 454 1117 filiis
489 1081 611 1119 maior
642 1090 680 1120 et
712 1096 758 1120 ex
791 1083 946 1121 duabus
981 1082 1133 1121 filiabus
1168 1097 1214 1122 ea
1244 1097 1345 1133 quae
1378 1093 1504 1124 aetate

137 1156 154 1186 5
176 1145 445 1183 antecedebat.
513 1148 627 1185 Haec
666 1147 721 1185 uti
760 1148 907 1194 fierent,
949 1161 1017 1197 per
1055 1148 1183 1186 omnis
1221 1150 1318 1188 deos
1357 1163 1504 1200 perque
1527 1163 1563 1196 15

176 1208 334 1246 foedera
351 1223 451 1259 quae
473 1212 627 1250 Romae
647 1211 802 1250 fecisset
822 1213 965 1250 eodem
986 1219 1221 1250 testamento
1251 1215 1503 1253 Ptolomaeus

136 1282 155 1313 6
175 1274 365 1322 populum
388 1276 615 1314 Romanum
636 1277 915 1315 obtestabatur.
966 1278 1143 1315 Tabulae
1163 1278 1386 1317 testamenti
1401 1293 1503 1318 unae

174 1350 243 1386 per
266 1339 413 1387 legatos
443 1340 525 1378 eius
556 1343 728 1380 Romam
758 1349 867 1380 erant
895 1343 1045 1388 allatae,
1068 1349 1109 1379 ut
1139 1341 1179 1379 in
1208 1342 1355 1381 aerario
1384 1357 1503 1393 pone-

174 1404 435 1442 rentur—hae
467 1418 557 1443 cum
589 1414 747 1455 propter
777 1405 955 1456 publicas
985 1406 1264 1455 occupationes
1296 1407 1390 1456 poni
1419 1421 1500 1446 non

173 1467 402 1516 potuissent,
426 1471 531 1519 apud
560 1470 795 1521 Pompeium
817 1478 907 1509 sunt
933 1471 1336 1520 depositae—alterae
1357 1474 1498 1511 eodem
1521 1487 1562 1509 20

173 1534 353 1581 exemplo
395 1533 550 1573 relictae
596 1543 716 1585 atque
763 1535 992 1585 obsignatae
1032 1536 1290 1575 Alexandriae
1335 1538 1500 1586 profere-

171 1596 322 1635 bantur.

73 1668 150 1705 109
227 1663 288 1700 De
309 1662 368 1700 his
389 1663 504 1702 rebus
526 1677 616 1702 cum
637 1673 815 1714 ageretur
834 1667 940 1715 apud
962 1666 1171 1705 Caesarem
1193 1666 1303 1715 isque
1330 1666 1498 1705 maxime

170 1728 285 1764 vellet
305 1740 376 1776 pro
392 1729 593 1767 communi
614 1729 742 1767 amico
762 1738 881 1779 atque
900 1730 1043 1768 arbitro
1060 1731 1341 1769 controversias
1363 1744 1496 1781 regum

169 1804 417 1841 componere,
436 1793 567 1832 subito
584 1794 772 1833 exercitus
789 1795 914 1844 regius
931 1795 1205 1845 equitatusque
1221 1796 1349 1834 omnis
1365 1796 1496 1835 venire
1516 1811 1554 1843 25

132 1873 146 1893 2
169 1857 446 1895 Alexandriam
475 1859 683 1897 nuntiatur.
745 1860 922 1899 Caesaris
943 1860 1080 1910 copiae
1109 1874 1359 1910 nequaquam
1387 1870 1495 1900 erant

168 1928 298 1959 tantae
318 1929 359 1959 ut
377 1922 439 1969 eis,
461 1931 566 1962 extra
586 1924 779 1974 oppidum
801 1924 831 1962 si
852 1934 953 1963 esset
967 1925 1247 1972 dimicandum,
1267 1927 1492 1965 confideret.

170 1985 481 2035 Relinquebatur
501 1996 543 2026 ut
568 2002 609 2027 se
630 1989 708 2027 suis
739 1989 834 2027 locis
856 1989 1004 2039 oppido
1032 1997 1180 2028 teneret
1208 1991 1495 2040 consiliumque

131 2061 147 2090 3
167 2049 344 2088 Achillae
375 2061 638 2101 cognosceret.
700 2053 847 2092 Milites
877 2061 1008 2091 tamen
1039 2054 1165 2091 omnis
1196 2053 1235 2091 in
1264 2055 1380 2092 armis
1410 2069 1495 2094 esse

166 2114 275 2152 iussit
311 2129 521 2166 regemque
555 2119 731 2156 hortatus
766 2126 824 2156 est
857 2125 900 2156 ut
934 2132 980 2156 ex
1018 2118 1096 2155 suis
1136 2118 1362 2156 necessariis
1394 2133 1493 2168 quos
1515 2134 1555 2163 30

164 2179 325 2218 haberet
356 2180 547 2219 maximae
576 2182 816 2220 auctoritatis
846 2183 992 2232 legatos
1022 2183 1072 2220 ad
1101 2183 1294 2220 Achillam
1325 2183 1493 2222 mitteret

207 2282 227 2311 8
253 2281 371 2312 consili
397 2283 447 2312 sui
471 2282 683 2321 Stephanus:
715 2285 839 2315 conscii
872 2284 942 2314 suis
973 2283 1027 2315 T':
1069 2285 1220 2314 conscios
1244 2285 1294 2314 sui
1321 2284 1383 2314 L‘:
1415 2295 1492 2315 con-

164 2325 242 2354 sciis
273 2325 342 2355 suis
365 2325 411 2354 D'
556 2337 592 2365 14
619 2338 659 2357 ex
688 2326 834 2367 duabus]
861 2338 924 2357 ont.
957 2327 984 2356 L
1119 2328 1248 2357 filiabus
1277 2332 1321 2358 λε
1360 2338 1426 2358 om.
1459 2327 1493 2357 Χ

167 2369 206 2398 18
233 2367 373 2398 Romam
393 2380 427 2399 r:
454 2369 584 2400 Romae
602 2369 637 2399 X
