1705 2729
618 135 853 173 INCERTI
884 134 1166 172 AVCTORIS

164 255 206 282 12
282 247 442 284 Postero
477 245 541 284 die
572 259 618 284 ex
652 245 806 295 legione
839 246 1046 283 vernacula
1081 244 1221 282 milites
1252 252 1341 282 sunt
1371 244 1472 293 capti
1502 244 1552 281 ab

189 325 203 346 2
226 309 422 358 equitibus
458 310 598 347 nostris
633 310 724 356 duo,
748 309 815 359 qui
844 309 1024 348 dixerunt
1054 322 1095 346 se
1129 321 1260 347 servos
1295 321 1389 346 esse.
1450 309 1553 347 Cum

225 373 411 420 venirent,
444 373 589 423 cogniti
621 381 712 411 sunt
737 387 760 411 a
786 373 974 411 militibus
1002 373 1068 423 qui
1097 381 1213 411 antea
1242 386 1332 411 cum
1364 372 1487 410 Fabio
1516 380 1555 411 et

226 438 349 476 Pedio
379 439 540 484 fuerant,
570 442 633 477 †et
662 437 864 476 Trebonio
893 439 1212 487 transfugerant†.
1273 437 1340 474 Eis
1369 437 1420 474 ad
1449 436 1555 486 igno-

225 503 416 540 scendum
441 503 546 539 nulla
574 503 737 540 facultas
762 510 820 540 est
847 504 938 541 data
965 510 1002 541 et
1022 516 1045 540 a
1066 501 1254 540 militibus
1281 501 1422 539 nostris
1442 501 1555 540 inter·
1574 516 1592 549 5

188 581 205 610 3
225 566 315 605 fecti
340 574 440 604 sunt.
502 567 614 605 Idem
645 566 832 616 temporis
861 567 964 616 capti
994 566 1194 613 tabellarii,
1217 566 1285 616 qui
1313 580 1337 604 a
1366 567 1555 605 Corduba

224 632 275 669 ad
312 630 545 680 Pompeium
581 630 687 668 missi
722 638 830 669 erant
864 644 1146 681 perperamque
1180 632 1231 669 ad
1265 638 1398 668 nostra
1430 638 1556 669 castra

186 713 205 742 4
224 702 493 745 pervenerant,
514 694 696 744 praecisis
724 695 905 733 manibus
933 695 1039 733 missi
1069 702 1159 733 sunt
1185 694 1287 733 facti.
1348 694 1435 732 Pari
1464 707 1556 732 con-

225 758 434 797 suetudine
471 758 599 808 vigilia
641 760 815 797 secunda
853 772 899 797 ex
936 759 1085 809 oppido
1122 759 1253 809 ignem
1295 760 1463 796 multum
1501 766 1555 797 te-

224 825 431 872 lorumque
473 822 766 861 multitudinem
809 822 992 861 iactando
1031 824 1132 861 bene
1169 836 1357 872 magnum
1396 830 1552 872 tempus
1574 837 1613 860 10

187 902 203 933 5
225 894 554 937 consumpserunt
577 886 869 937 complurisque
893 887 1118 925 vulneribus
1144 888 1382 925 adfecerunt.
1443 888 1555 926 Prae-

225 951 339 990 terito
366 951 492 989 noctis
517 959 694 1001 tempore
721 950 967 1000 eruptionem
991 952 1042 989 ad
1066 951 1261 1000 legionem
1285 962 1338 988 V1.
1366 952 1552 998 fecerunt,

225 1029 317 1054 curn
356 1015 395 1053 in
433 1028 551 1065 opere
589 1014 710 1053 nostri
748 1015 908 1054 distenti
947 1023 1088 1062 essent,
1128 1015 1345 1065 acriterque
1382 1027 1556 1064 pugnare

225 1087 466 1130 coeperunt;
504 1092 671 1129 quorum
705 1079 762 1117 vis
800 1092 974 1129 repressa
1010 1093 1033 1118 a
1070 1079 1222 1126 nostris,
1256 1078 1328 1117 etsi
1366 1078 1556 1128 oppidani

187 1150 207 1182 6
227 1145 425 1195 superiore
454 1146 542 1183 loco
567 1145 891 1183 defendebantur.
951 1146 1011 1184 †·l·
1038 1157 1128 1182 cum
1158 1144 1404 1194 eruptionem
1428 1145 1555 1182 facere
1575 1158 1613 1190 ¹5

226 1210 460 1260 coepissent,
493 1218 625 1248 tamen
659 1209 799 1248 virtute
833 1209 1000 1248 militum
1032 1218 1265 1256 nostrorum,
1302 1208 1368 1258 qui
1400 1208 1472 1247 etsi
1500 1208 1556 1246 in-

226 1275 363 1313 feriore
392 1276 480 1313 loco
514 1275 829 1323 premebantur‚†
865 1281 997 1312 tamen
1035 1273 1178 1323 repulsi
1216 1272 1425 1312 adversarii
1454 1272 1556 1310 bene

227 1338 357 1377 multis
378 1338 603 1377 vulneribus
627 1338 771 1376 adfecti
792 1338 831 1375 in
852 1338 1043 1388 oppidum
1065 1351 1106 1376 se
1127 1339 1387 1376 contulerunt.

164 1407 206 1443 13
282 1405 443 1441 Postero
472 1402 537 1441 die
567 1402 779 1452 Pompeius
809 1415 855 1441 ex
884 1402 1017 1440 castris
1052 1402 1131 1440 suis
1165 1400 1392 1440 bracchium
1426 1400 1556 1451 coepit

225 1469 277 1506 ad
306 1469 453 1506 flumen
483 1468 635 1505 Salsum
666 1468 809 1506 ducere
824 1482 833 1514 3
868 1475 905 1505 et
929 1480 1019 1505 cum
1047 1466 1168 1505 nostri
1192 1466 1342 1516 equites
1371 1465 1486 1516 pauci
1515 1466 1555 1504 in
1575 1477 1615 1499 20

227 1531 394 1570 statione
420 1531 583 1569 fuissent
609 1545 631 1569 a
655 1531 830 1581 pluribus
858 1531 1008 1581 reperti,
1032 1533 1082 1570 de
1109 1531 1276 1569 statione
1300 1538 1391 1568 sunt
1414 1529 1557 1569 deiecti

192 1611 205 1631 2
227 1603 265 1634 et
298 1595 417 1634 occisi
452 1603 538 1633 tres.
599 1597 658 1633 Eo
690 1595 754 1633 die
786 1598 831 1633 A.
868 1595 1039 1645 Valgius,
1074 1595 1263 1634 senatoris
1297 1594 1410 1641 filius,
1446 1594 1557 1633 cuius

226 1661 340 1698 frater
378 1659 417 1697 in
456 1659 589 1697 castris
630 1659 793 1709 Pompei
832 1660 976 1707 fuisset,
1010 1660 1195 1699 omnibus
1233 1659 1312 1697 suis
1350 1659 1466 1697 rebus
1503 1672 1558 1697 re-

189 1724 326 1764 3lictis
360 1737 507 1773 equum
546 1724 776 1762 conscendit
811 1732 849 1762 et
883 1724 988 1774 fugit.
1049 1726 1278 1775 Speculator
1315 1725 1366 1762 de
1403 1722 1557 1773 legione

228 1800 268 1825 11.
303 1788 543 1838 Pompeiana
572 1795 708 1837 captus
735 1801 758 1825 a
784 1787 971 1827 militibus
1000 1796 1038 1827 et
1067 1789 1292 1827 interfectus
1319 1795 1377 1826 est
1393 1802 1403 1835 3
1437 1787 1557 1826 idem·
1577 1798 1614 1829 ²5

227 1865 303 1902 que
320 1851 505 1901 temporis
525 1853 634 1901 glans
652 1851 769 1890 missa
790 1860 848 1890 est
868 1852 1053 1903 inscripta
1071 1868 1078 1891 z
1109 1866 1188 1902 quo
1209 1852 1272 1891 die
1293 1854 1343 1891 ad
1364 1852 1556 1902 oppidum

188 1933 206 1962 4
227 1917 463 1966 capiendum
484 1917 726 1963 accederent,
751 1930 793 1955 se
814 1925 967 1955 scutum
989 1931 1073 1956 esse
1094 1918 1322 1968 positurum.
1378 1918 1467 1966 Qua
1487 1930 1557 1967 spe

227 1994 308 2018 non
342 1981 447 2027 nulli,
477 1982 573 2019 dum
595 1980 677 2019 sine
704 1981 878 2030 periculo
911 1995 1065 2020 murum
1094 1983 1307 2020 ascendere
1338 1989 1375 2020 et
1407 1981 1556 2032 oppido

226 2045 341 2095 potiri
370 2058 485 2095 posse
515 2058 556 2083 se
586 2053 752 2095 sperant,
776 2053 933 2095 postero
959 2046 1024 2084 die
1047 2048 1097 2085 ad
1125 2059 1279 2084 murum
1304 2058 1403 2095 opus
1429 2047 1556 2084 facere

269 2157 289 2186 3
316 2147 418 2178 Fabio
438 2146 627 2188 Glandorp:
653 2147 750 2178 babio
768 2147 885 2178 DLT:
918 2148 1015 2178 bavio
1035 2147 1081 2179 V:
1118 2148 1251 2178 babibio
1272 2148 1312 2179 U'
1442 2160 1461 2186 4
1486 2154 1520 2179 et
1536 2159 1555 2179 a

226 2191 395 2221 Trebonio
412 2190 479 2221 cdd.
583 2191 834 2230 transfugerant
851 2190 917 2220 secl.
936 2191 1116 2231 Nipperdey
1218 2201 1256 2230 15
1282 2192 1329 2226 -l-]
1350 2190 1395 2221 Hi
1413 2191 1534 2221 Davies
1549 2203 1555 2222 :

227 2235 236 2264 l
253 2235 303 2264 vel
318 2233 349 2263 ·l·
366 2234 485 2264 lmbent
496 2233 582 2264 codd.
596 2233 685 2273 quod
699 2238 827 2264 anctore
835 2234 871 2264 K
873 2234 1038 2265 ueblervel
1056 2239 1114 2264 ant
1127 2234 1226 2265 aliter
1235 2235 1404 2274 signficat.
1437 2234 1553 2264 Totam

226 2278 394 2308 sectionem
421 2277 499 2307 delet
524 2277 650 2315 Novak,
677 2275 864 2307 Mommsen
891 2277 984 2307 verba
1012 2277 1058 2307 Hi
1078 2301 1084 2307 .
1104 2302 1109 2308 .
1133 2301 1138 2307 .
1165 2278 1406 2317 premebantur
1427 2282 1552 2313 tamen,

227 2321 361 2351 Kraner
373 2321 466 2351 verba
485 2320 540 2359 qui
558 2324 587 2350 et
603 2325 715 2350 tamen
733 2319 874 2350 alterum
1049 2330 1091 2350 20
1116 2321 1236 2351 ducere
1261 2320 1348 2352 codd.
1373 2320 1501 2350 Norvae'c.
1527 2323 1557 2349 et

228 2363 338 2393 Pam».
355 2375 360 2393 :
389 2374 453 2393 om.
475 2362 531 2393 Xe
548 2366 626 2403 post
641 2362 833 2393 bracchium
852 2362 927 2392 add.
946 2363 1036 2393 Koch
