1705 2729
525 109 599 144 DE
631 107 810 145 BELLO
841 107 1017 145 CIVILI
1051 107 1152 143 LIB.
1188 107 1205 142 Ι

202 226 240 255 et
269 216 488 255 cohortium
520 216 723 253 alariarum
755 215 1062 264 legionariasque
1097 214 1319 252 intericiunt
1353 214 1523 252 cohortis

201 283 424 330 vallumque
454 294 500 318 ex
529 280 662 317 castris
691 281 741 318 ad
770 293 912 329 aquam
942 279 1086 317 ducere
1117 277 1319 327 incipiunt,
1352 285 1394 315 ut
1427 277 1524 314 intra

202 344 460 382 munitionem
489 351 526 382 et
558 344 640 381 sine
665 343 803 381 timore
832 350 870 381 et
899 342 982 381 sine
1009 342 1243 380 stationibus
1274 341 1407 391 aquari
1439 354 1524 390 pos-

201 416 296 447 sent.
358 409 405 446 Id
435 422 533 457 opus
564 408 663 445 inter
692 422 733 445 se
764 407 936 445 Petreius
965 414 1083 456 atque
1102 405 1286 443 Afranius
1308 405 1525 456 partiuntur
1545 414 1562 442 4

164 488 180 518 5
201 472 354 522 ipsique
375 471 602 522 perficiendi
623 471 750 521 operis
772 485 888 509 causa
909 470 1062 519 longius
1083 470 1394 520 progrediuntur.

256 538 435 584 Quorum
475 536 649 574 discessu
698 535 859 574 liberam
907 535 1010 572 nacti
1054 534 1196 572 milites
1237 534 1522 583 colloquiorum
1546 538 1596 578 74

201 602 425 639 facultatem
459 601 574 650 vulgo
617 601 835 649 procedunt
873 606 911 636 et
955 612 1073 648 quem
1111 598 1278 648 quisque
1318 598 1356 635 in
1391 597 1523 635 castris

201 672 338 702 notum
385 672 452 702 aut
490 664 729 713 municipem
775 663 946 701 habebat
984 662 1179 712 conquirit
1217 670 1335 711 atque
1374 669 1520 700 evocat.

202 728 375 767 Primum
402 736 522 778 agunt
545 728 684 778 gratias
705 741 842 766 omnes
867 727 1062 773 omnibus,
1086 728 1194 776 quod
1215 726 1287 764 sibi
1315 725 1523 775 perterritis
1547 737 1560 758 2

144 807 182 829 10
201 793 325 843 pridie
356 793 644 844 pepercissent:
687 806 821 831 eorum
853 805 894 830 se
929 791 1122 830 beneficio
1154 791 1292 829 vivere.
1368 790 1523 829 Deinde

200 858 442 908 imperatoris
464 859 583 897 fidem
611 865 813 907 quaerunt,
837 865 992 895 rectene
1022 870 1062 894 se
1087 855 1140 893 illi
1168 856 1243 894 sint
1265 854 1521 900 commissuri,

200 931 237 961 et
258 924 366 973 quod
386 937 466 962 non
482 924 532 961 ab
553 922 664 961 initio
684 922 844 960 fecerint
859 935 1045 971 armaque
1062 922 1169 971 quod
1186 934 1275 958 cum
1297 919 1523 959 hominibus

200 988 426 1026 necessariis
460 995 499 1026 et
537 987 836 1036 consanguineis
876 985 1111 1025 contulerint
1151 993 1374 1036 queruntur.
1448 984 1523 1022 His
1546 993 1563 1023 3

200 1053 399 1103 provocati
420 1052 665 1091 sermonibus
688 1053 806 1089 fidem
836 1052 885 1089 ab
916 1051 1148 1100 imperatore
1173 1052 1222 1089 de
1251 1050 1376 1088 Petrei
1406 1056 1523 1099 atque

145 1130 179 1160 15
201 1117 335 1155 Afrani
355 1117 433 1155 vita
452 1124 601 1167 petunt,
620 1130 668 1154 ne
690 1117 796 1165 quod
817 1115 856 1153 in
878 1129 918 1153 se
940 1117 1064 1153 scelus
1086 1114 1314 1164 concepisse
1335 1128 1410 1153 neu
1431 1128 1523 1152 suos

200 1181 419 1232 prodidisse
446 1181 659 1219 videantur.
720 1180 876 1228 Quibus
906 1179 1144 1217 confirmatis
1177 1180 1292 1217 rebus
1322 1192 1363 1217 se
1394 1178 1522 1217 statim

200 1246 308 1295 signa
328 1247 579 1283 translaturos
600 1246 834 1283 confirmant
861 1246 1087 1293 legatosque
1115 1245 1164 1282 de
1191 1257 1288 1293 pace
1309 1243 1522 1292 primorum

200 1310 381 1348 ordinum
416 1309 663 1348 centuriones
694 1310 744 1347 ad
778 1310 984 1348 Caesarem
1026 1308 1193 1346 mittunt.
1270 1308 1429 1346 Interim
1460 1307 1523 1346 alii
1544 1320 1561 1349 4

200 1388 290 1413 suos
314 1374 353 1412 in
381 1382 505 1412 castra
528 1373 718 1411 invitandi
743 1387 860 1411 causa
886 1375 1100 1419 adducunt,
1123 1373 1186 1411 alii
1215 1374 1266 1411 ab
1296 1372 1374 1411 suis
1403 1373 1524 1411 abdu-

143 1456 182 1477 20
200 1447 350 1486 cuntur,
380 1440 481 1477 adeo
508 1446 550 1476 ut
577 1452 655 1476 una
680 1446 804 1476 castra
831 1438 907 1476 iam
939 1440 1039 1476 facta
1069 1452 1114 1475 ex
1145 1436 1245 1475 binis
1275 1437 1523 1484 viderentur3

200 1504 499 1552 compluresque
528 1502 673 1541 tribuni
704 1502 870 1540 militum
898 1510 935 1540 et
960 1502 1208 1540 centuriones
1235 1502 1285 1540 ad
1315 1502 1522 1540 Caesarem

200 1568 360 1606 veniunt
385 1582 505 1618 seque
529 1568 563 1606 ei
591 1569 882 1606 commendant.
946 1569 1058 1605 Idem
1081 1568 1156 1605 hoc
1177 1567 1219 1603 fit
1239 1580 1261 1604 a
1282 1565 1522 1616 principibus
1544 1576 1560 1606 5

202 1632 417 1681 Hispaniae
444 1646 543 1682 quos
572 1632 627 1670 illi
656 1639 912 1670 evocaverant
943 1639 979 1669 et
1010 1645 1143 1669 secum
1173 1630 1211 1668 in
1247 1630 1380 1668 castris
1407 1630 1524 1668 habe-

200 1698 294 1735 bant
307 1697 491 1736 obsidum
512 1700 610 1736 loco.
671 1697 727 1735 Hi
748 1711 838 1744 suos
860 1705 974 1735 notos
996 1696 1249 1745 hospitesque
1269 1696 1519 1745 quaerebant,

143 1773 179 1804 25
200 1775 268 1811 per
298 1776 415 1811 quem
440 1762 606 1812 quisque
631 1775 766 1800 eorum
793 1762 943 1800 aditum
975 1759 1330 1799 commendationis
1362 1760 1522 1798 haberet

199 1828 249 1864 ad
281 1828 499 1866 Caesarem.
570 1827 705 1865 Afrani
737 1827 853 1866 etiam
886 1827 986 1865 filius
1020 1827 1252 1864 adulescens
1291 1826 1340 1863 de
1379 1838 1448 1863 sua
1475 1833 1558 1863 ac6

198 1891 367 1940 parentis
402 1891 461 1929 sui
498 1893 621 1930 salute
661 1906 751 1930 cum
793 1893 960 1931 Caesare
998 1905 1066 1941 per
1106 1889 1321 1940 Sulpicium
1351 1890 1519 1939 legatum

198 1957 348 2006 agebat.
411 1958 533 1995 Erant
557 1959 672 2007 plena
696 1957 842 1995 laetitia
873 1965 911 1996 et
938 1956 1195 2007 gratulatione
1224 1954 1357 1993 onmia
1385 1967 1519 1993 eorum
1542 1968 1557 1999 7

199 2020 265 2070 qui
291 2028 398 2058 tanta
421 2021 593 2070 pericula
619 2021 759 2060 vitasse
784 2029 821 2060 et
846 2035 981 2060 eorum
1008 2020 1074 2071 qui
1099 2020 1182 2058 sine
1209 2020 1368 2057 vulnere
1395 2025 1520 2056 tantas

140 2100 180 2130 30
199 2098 257 2122 res
291 2085 506 2123 confecisse
537 2085 781 2132 videbantur,
818 2098 1084 2135 magnumque
1117 2086 1285 2122 fructum
1324 2096 1416 2120 suae
1450 2081 1521 2131 pri-

241 2199 260 2227 3
284 2195 315 2220 et
334 2189 406 2219 sine
432 2189 493 2220 L':
527 2194 562 2218 ut
579 2190 652 2219 sine
682 2189 725 2220 T:
763 2189 834 2219 sine
858 2189 941 2219 D‘V
1085 2198 1124 2218 10
1149 2188 1282 2217 Deinde
1308 2185 1520 2225 imperatoris

199 2232 314 2271 fidem]
334 2232 421 2263 Dein
447 2234 488 2263 de
512 2233 723 2271 imperatoris
748 2232 813 2262 fide
834 2232 1017 2261 ciacconius
1153 2241 1190 2260 12
1215 2241 1280 2268 que
1301 2229 1517 2268 Oudendorp:

197 2275 218 2313 ἔῖ
239 2276 271 2305 U
293 2277 340 2315 (1'11
359 2277 481 2316 mmg.)
499 2287 506 2305 :
530 2280 557 2311 ·1·
582 2275 669 2306 DL:
702 2275 734 2305 id
760 2280 811 2305 est
829 2275 876 2305 E:
906 2276 963 2304 eni
980 2274 1044 2305 L'-':
1078 2285 1143 2304 om.
1164 2274 1233 2304 FT'
1430 2272 1517 2311 quod

199 2318 303 2349 D'L'z
335 2320 390 2357 qui
410 2320 456 2349 T:
481 2330 544 2350 0111.
571 2319 601 2349 V
718 2329 751 2356 ¹4
778 2319 947 2357 provocati
968 2318 1061 2348 D‘T:
1082 2318 1270 2357 provocatis
1289 2315 1364 2345 L‘V
1481 2317 1518 2345 18

199 2361 337 2392 Interim
353 2384 360 2392 .
381 2385 386 2391 .
411 2385 416 2391 .
434 2363 604 2393 adducunt
621 2372 684 2391 0¹11.
705 2361 748 2391 D‘
881 2370 917 2391 21
946 2366 979 2390 ct
997 2362 1062 2391 Δὸ;
1089 2370 1154 2392 om.
1174 2358 1211 2389 X
