1705 2729
439 144 512 180 DE
544 141 723 180 BELLO
753 139 963 179 AFRICO
994 141 1164 177 LIBER

137 255 258 300 miles,
296 256 412 292 ‘Non
445 255 555 300 sum,'
587 252 723 302 inquit,
766 251 870 297 ‘tiro,
906 250 1090 297 Labiene,
1123 252 1192 288 sed
1223 252 1273 288 de
1304 251 1457 299 legione

136 333 167 356 x.
192 321 420 356 veteranus.'
458 321 561 356 Tum
584 317 793 363 Labienus,
818 320 826 336 ‘
842 318 934 354 Non
954 317 1150 365 agnosco,'
1170 315 1307 365 inquit,
1328 315 1458 364 ‘signa

135 384 469 420 decumanorum.'
525 384 629 420 Tum
661 381 713 419 ait
742 380 877 419 miles:
924 382 1032 418 ‘Iam
1063 394 1125 417 me
1152 379 1220 429 qui
1242 379 1319 418 sim
1350 380 1457 417 intel·
1478 391 1495 420 3

136 449 284 496 leges',
327 446 442 484 simul
474 446 665 484 cassidem
697 447 747 484 de
779 444 906 495 capite
938 443 1090 490 deiecit,
1123 451 1165 481 ut
1194 443 1377 492 cognosci
1407 444 1456 481 ab

97 522 114 553 5
135 525 182 549 eo
203 519 346 561 posset,
368 519 486 561 atque
506 511 558 549 ita
578 510 701 560 pilum
721 509 868 547 viribus
895 516 1130 555 contortum,
1153 509 1249 546 dum
1279 508 1318 545 in
1346 507 1458 546 Labi—

135 589 253 614 enum
275 575 428 614 mittere
447 574 663 621 contendit,
682 574 773 624 equi
792 573 959 624 graviter
972 574 1136 611 adverso
1156 572 1303 622 pectori
1323 573 1458 611 adfixit

134 647 172 677 et
205 639 281 679 ait:
323 639 531 686 ‘Labiene,
562 641 828 677 decumanum
863 638 1027 676 militem
1062 637 1129 687 qui
1163 644 1201 675 te
1234 636 1331 687 petit
1360 637 1458 675 scito

134 706 242 742 esse.’
318 704 507 743 Omnium
546 711 678 742 tamen
715 702 837 741 animi
884 702 924 740 in
969 709 1153 740 terrorem
1201 701 1379 748 coniecti,
1421 708 1496 741 et4

134 769 303 807 maxime
341 768 535 806 tironum:
584 766 884 816 circumspicere
928 766 1033 805 enim
1073 766 1281 805 Caesarem
1329 779 1458 815 neque

78 848 116 870 10
133 833 300 883 amplius
319 834 446 871 facere
465 831 539 870 nisi
559 831 732 870 hostium
753 831 879 869 iacula
899 830 1028 868 vitare.

188 899 332 937 Caesar
357 897 511 935 interim
541 896 705 934 consilio
735 895 908 934 hostium
936 894 1094 944 cognito
1125 894 1234 933 iubet
1263 894 1386 933 aciem
1418 895 1456 932 in
1477 904 1518 942 17

133 961 420 1012 longitudinem
449 974 568 1011 quam
598 959 808 998 maximam
836 959 979 1010 porrigi
1009 966 1046 997 et
1075 958 1231 997 alternis
1262 958 1457 997 conversis

134 1026 373 1073 cohortibus,
415 1033 458 1064 ut
495 1039 573 1063 una
610 1033 711 1075 post,
751 1026 872 1063 altera
908 1032 1000 1062 ante
1039 1024 1148 1073 signa
1181 1025 1369 1069 tenderet,
1406 1023 1458 1060 ita

134 1104 321 1130 coronam
345 1090 517 1128 hostium
545 1090 682 1128 dextro
709 1088 945 1138 sinistroque
971 1101 1093 1126 cornu
1120 1087 1291 1126 mediam
1319 1087 1457 1125 dividit

78 1169 115 1201 15
135 1163 173 1194 et
207 1168 326 1193 unam
355 1162 503 1204 partem
533 1154 583 1192 ab
613 1155 734 1191 altera
762 1154 960 1191 exclusam
994 1151 1191 1201 equitibus
1226 1151 1457 1190 intrinsecus

133 1222 293 1259 adortus
323 1233 414 1258 cum
438 1218 614 1269 peditatu
641 1218 726 1257 telis
755 1217 944 1256 coniectis
971 1217 1010 1255 in
1037 1218 1168 1267 fugam
1188 1217 1300 1255 vertit
1329 1230 1458 1267 neque

134 1280 287 1335 longius
307 1297 530 1335 progressus
551 1282 693 1322 veritus
720 1282 881 1321 insidias
908 1295 950 1320 se
969 1282 1021 1320 ad
1051 1295 1141 1320 suos
1162 1281 1298 1331 recipit
1312 1295 1322 1329 3
1352 1281 1455 1320 idem

133 1351 253 1387 altera
276 1362 363 1399 pars
391 1348 567 1398 equitum
594 1347 852 1398 peditumque
873 1346 1050 1387 Caesaris
1076 1345 1177 1384 fecit.
1239 1345 1315 1384 His
1342 1346 1457 1384 rebus
1480 1355 1493 1375 2

133 1414 249 1464 gestis
278 1427 324 1452 ac
352 1415 488 1464 procul
517 1412 696 1452 hostibus
722 1412 885 1463 repulsis
913 1410 1280 1461 convulneratisque
1308 1412 1359 1450 ad
1389 1424 1458 1449 sua

77 1493 116 1516 20
133 1478 325 1529 praesidia
345 1492 441 1525 sese,
463 1477 563 1517 sicut
584 1485 664 1516 erat
684 1477 905 1524 instructus,
929 1476 1100 1527 recipere
1119 1475 1260 1526 coepit.

189 1543 351 1582 Interim
373 1545 429 1581 M.
453 1542 628 1581 Petreius
655 1550 693 1581 et
714 1543 786 1582 Cn.
810 1542 902 1581 Piso
929 1555 1020 1580 cum
1047 1540 1244 1591 equitibus
1270 1540 1455 1579 Numidis
1475 1539 1517 1576 18

135 1613 241 1650 †MC†
271 1608 403 1647 electis
435 1607 692 1658 peditatuque
722 1606 899 1646 eiusdem
932 1605 1083 1656 generis
1118 1605 1210 1644 satis
1237 1605 1376 1655 grandi
1410 1618 1456 1643 ex

133 1674 269 1712 itinere
303 1681 408 1712 recta
439 1672 616 1711 subsidio
649 1671 728 1711 suis
762 1678 981 1710 occurrunt.
1041 1672 1173 1720 Atque
1211 1671 1344 1708 hostes
1378 1669 1456 1708 suis
1480 1684 1493 1705 2

133 1753 179 1777 ex
213 1747 356 1777 terrore
388 1736 547 1776 firmatis
582 1750 791 1787 rursusque
822 1735 1016 1775 renovatis
1050 1734 1191 1773 animis
1225 1734 1457 1784 legionarios

73 1818 112 1850 25
132 1803 328 1843 conversis
358 1802 555 1853 equitibus
584 1802 814 1852 recipientes
845 1800 1078 1840 novissimos
1107 1799 1248 1839 adoriri
1276 1807 1314 1838 et
1340 1799 1458 1850 impe-

131 1869 214 1908 dire
238 1877 451 1919 coeperunt
473 1882 552 1918 quo
579 1867 707 1906 minus
729 1881 769 1906 se
796 1866 836 1904 in
862 1873 987 1905 castra
1013 1864 1240 1915 reciperent.
1301 1866 1391 1903 Hac
1418 1879 1457 1903 re
1477 1876 1496 1906 3

131 1933 402 1973 animadversa
430 1934 574 1974 Caesar
605 1932 714 1971 iubet
744 1932 852 1982 signa
882 1930 1055 1970 converti
1086 1937 1123 1968 et
1154 1929 1286 1968 medio
1316 1943 1457 1979 campo

132 1998 382 2049 redintegrari
422 1998 623 2050 proelium.
703 1999 806 2038 Cum
846 1997 895 2035 ab
935 1995 1114 2034 hostibus
1154 1996 1296 2033 eodem
1335 1995 1494 2037 modo4

131 2072 366 2114 pugnaretur
395 2079 468 2104 nec
496 2064 718 2104 comminus
745 2065 795 2102 ad
828 2076 966 2101 manus
991 2061 1179 2100 rediretur
1200 2059 1456 2110 Caesarisque

74 2139 113 2169 30
132 2128 281 2178 equites
302 2129 476 2168 iumenta
504 2143 551 2168 ex
578 2142 723 2167 nausea
749 2127 906 2175 recenti,
930 2126 1002 2174 siti,
1026 2128 1223 2176 languore,
1247 2123 1453 2175 paucitate,

131 2193 354 2233 vulneribus
385 2194 593 2245 defatigata
621 2195 672 2233 ad
703 2193 991 2244 insequendum
1026 2193 1181 2231 hostem
1212 2203 1455 2241 perseveran-

175 2307 194 2335 3
218 2297 272 2336 qui
290 2297 346 2328 D:
368 2298 442 2337 quis
459 2299 482 2332 β
573 2308 590 2337 7
615 2298 833 2328 decumanum
846 2296 914 2329 edd.
935 2308 941 2327 :
966 2297 1142 2327 decumum
1156 2295 1193 2326 X
1284 2306 1320 2326 12
1347 2294 1453 2334 longi-

133 2341 281 2371 tudinem
299 2351 399 2380 quam
416 2341 594 2372 maximam
610 2339 639 2370 L
658 2352 664 2371 :
698 2341 908 2380 longitudine
925 2350 1025 2380 quam
1042 2340 1185 2370 maxima
1203 2342 1266 2369 cett.
1411 2348 1453 2368 22

134 2384 193 2423 mc]
231 2393 281 2414 00c
298 2384 358 2414 L':
398 2394 457 2415 ccc
480 2383 515 2413 D
539 2384 596 2415 T':
620 2384 678 2415 sed
693 2385 730 2423 cf.
752 2394 778 2415 c.
802 2394 883 2424 19.4
973 2393 1013 2422 23
1038 2382 1151 2422 Atque
1176 2381 1308 2423 hostes]
1335 2381 1381 2413 At
1402 2392 1453 2413 co-

132 2427 246 2457 hortes
264 2426 354 2457 D‘T‘
457 2427 544 2468 suis]
563 2427 620 2458 vix
638 2427 764 2468 Stangl

1307 2468 1366 2498 14*
