1705 2729
641 117 684 156 C.
720 117 834 154 IVLI
867 116 1135 156 CAESARIS

225 231 307 268 sule
330 228 519 279 Pompeio
535 243 545 276 3
574 227 640 278 qui
662 228 691 266 si
714 228 982 277 improbasset,
1007 242 1074 267 cur
1094 228 1181 267 ferri
1203 242 1338 279 passus
1359 233 1489 269 esset?
1518 230 1547 268 si

185 313 204 343 4
225 294 438 344 probasset,
462 307 529 331 cur
549 306 590 330 se
611 292 665 330 uti
687 292 821 343 populi
844 292 1037 331 beneficio
1059 293 1351 342 prohibuisset?
1400 294 1550 334 Patien-

225 358 317 396 tiam
352 357 535 408 proponit
567 371 689 404 suam,
713 371 802 396 curn
833 358 883 396 de
915 357 1148 396 exercitibus
1175 358 1420 398 dimittendis
1449 361 1550 398 ultro

225 422 508 472 postulavisset,
533 422 572 460 in
600 436 679 472 quo
706 422 893 460 iacturam
919 422 1118 471 dignitatis
1148 430 1266 473 atque
1287 424 1447 463 honoris
1467 424 1550 474 ipse

186 504 202 534 5
225 489 395 525 facturus
430 494 540 524 esset.
601 486 867 524 Acerbitatem
901 486 1148 525 inimicorum
1184 488 1311 534 docet,
1344 487 1411 538 qui
1442 490 1551 538 quod
1571 500 1589 532 5

224 553 274 590 ab
303 553 424 589 altero
452 552 694 600 postularent
718 550 757 588 in
785 564 826 589 se
855 558 1078 589 recusarent
1107 559 1225 601 atque
1255 551 1388 590 omnia
1414 552 1551 602 permi-

185 625 204 655 6
225 615 321 654 sceri
344 616 504 653 mallent
526 628 644 664 quam
666 614 873 664 imperium
895 615 1165 665 exercitusque
1185 615 1391 654 dimittere.
1449 616 1552 654 Iniu-

224 680 319 718 riam
360 680 399 718 in
438 679 648 729 eripiendis
693 679 911 729 legionibus
954 679 1164 729 praedicat,
1205 680 1475 719 crudelitatem
1515 688 1552 719 et

224 744 473 783 insolentiam
496 744 534 782 in
555 743 921 782 circumscribendis
938 743 1103 782 tribunis
1116 744 1242 794 plebis
1258 759 1267 792 3
1296 745 1552 784 condiciones

189 819 204 852 7
224 823 245 847 a
267 823 307 847 se
329 810 436 855 latas,
453 808 621 858 expetita
643 808 839 857 colloquia
859 816 897 846 et
917 809 1110 859 denegata
1131 817 1425 847 commemorat.
1477 811 1552 848 Pro
1577 824 1613 845 10

225 873 368 923 quibus
390 874 505 912 rebus
527 875 701 912 hortatur
717 887 762 911 ac
780 874 951 923 postulat
968 881 1009 911 ut
1026 887 1107 912 rem
1123 873 1322 924 publicam
1339 874 1553 924 suscipiant

225 947 343 988 atque
364 952 442 976 una
463 951 596 976 secum
619 937 902 976 administrent.
955 937 1022 976 Sin
1039 937 1179 977 timore
1200 938 1401 988 defugiant
1422 938 1496 977 illis
1512 952 1553 977 se

227 1003 335 1043 oneri
356 1017 435 1041 non
454 1004 626 1041 futurum
648 1009 685 1041 et
706 1016 774 1052 per
794 1015 835 1040 se
856 1016 937 1040 rem
958 1002 1159 1052 publicam
1179 1003 1550 1042 administraturum.

190 1076 208 1105 8
229 1071 396 1118 Legatos
412 1069 461 1106 acl
480 1067 713 1117 Pompeium
730 1068 780 1106 de
796 1067 1085 1117 compositione
1101 1067 1201 1105 mitti
1217 1075 1406 1118 oportere,
1425 1081 1555 1118 neque

227 1147 267 1171 se
288 1133 538 1172 reformidare
560 1132 668 1181 quod
688 1131 728 1169 in
749 1139 886 1170 senatu
905 1132 1117 1182 Pompeius
1132 1134 1251 1182 paulo
1271 1140 1362 1171 ante
1382 1132 1553 1179 dixisset,
1577 1147 1613 1179 15

225 1199 275 1236 ad
305 1211 404 1247 quos
434 1196 549 1247 legati
580 1196 835 1243 mitterentur,
864 1196 923 1234 his
955 1196 1228 1236 auctoritatem
1255 1197 1413 1235 attribui
1444 1197 1556 1235 timo-

187 1281 206 1311 9
226 1276 387 1312 remque
427 1275 562 1300 eorum
602 1260 668 1311 qui
709 1261 907 1300 mitterent
955 1261 1172 1311 significari.
1250 1261 1399 1300 Tenuis
1437 1268 1556 1311 atque

225 1327 366 1365 infirmi
407 1328 504 1364 haec
542 1326 662 1364 animi
697 1326 828 1364 videri.
900 1327 950 1365 Se
983 1340 1085 1374 vero,
1119 1334 1162 1365 ut
1192 1327 1378 1377 operibus
1408 1325 1556 1365 anteire

225 1391 427 1439 studuerit,
451 1390 505 1429 sic
526 1390 672 1429 iustitia
693 1397 731 1429 et
750 1390 948 1440 aequitate
967 1393 1067 1429 velle
1088 1405 1278 1441 superare.

154 1460 206 1498 33
281 1457 425 1495 Probat
455 1469 536 1494 rem
568 1462 726 1494 senatus
756 1456 806 1494 de
836 1455 1038 1494 mittendis
1067 1456 1202 1506 legatis
1218 1470 1228 1504 3
1270 1457 1340 1495 sed
1374 1455 1441 1506 qui
1472 1455 1557 1494 mit-
1578 1472 1617 1494 20

227 1529 398 1561 terentur
420 1535 499 1560 non
521 1521 824 1571 reperiebantur,
847 1520 1097 1571 maximeque
1117 1521 1266 1560 timoris
1288 1535 1405 1559 causa
1424 1534 1494 1571 pro
1515 1534 1556 1559 se

198 1587 393 1638 2quisque
428 1587 467 1626 id
502 1600 645 1624 munus
679 1585 883 1636 legationis
918 1587 1132 1625 recusabat.
1204 1586 1416 1636 Pompeius
1450 1586 1555 1624 enirn

227 1653 436 1691 discedens
467 1652 518 1690 ab
549 1652 645 1690 urbe
677 1651 716 1689 in
748 1659 886 1690 senatu
914 1651 1062 1691 dixerat
1092 1653 1234 1690 eodem
1261 1665 1302 1690 se
1331 1651 1555 1690 habiturum

226 1720 315 1757 loco
349 1717 417 1768 qui
452 1719 606 1756 Romae
644 1717 922 1755 remansissent
957 1724 997 1755 et
1033 1717 1099 1766 qui
1138 1716 1177 1754 in
1216 1716 1349 1755 castris
1379 1716 1556 1756 Caesaris

189 1797 208 1827 3
227 1782 399 1820 fuissent.
461 1781 524 1820 Sic
570 1781 742 1820 triduum
787 1781 1121 1832 disputationibus
1160 1780 1556 1831 excusationibusque
1579 1798 1614 1829 25

227 1846 446 1885 extrahitur.
508 1846 705 1885 Subicitur
728 1846 847 1885 etiam
878 1848 920 1885 L.
946 1848 1132 1884 Metellus
1152 1846 1330 1884 tribunus
1351 1845 1476 1896 plebis
1505 1846 1556 1884 ab

226 1911 394 1949 inimicis
428 1911 617 1957 Caesaris,
654 1910 721 1960 qui
755 1912 857 1949 hanc
890 1925 970 1949 rem
1001 1910 1190 1949 distrahat
1220 1910 1466 1960 reliquasque
1496 1924 1555 1948 res

189 1995 210 2026 4
228 1990 498 2027 quascumque
519 1989 632 2025 agere
654 1975 863 2014 instituerit
884 1975 1082 2025 impediat.
1144 1975 1267 2015 Cuius
1287 1974 1445 2024 cognito
1467 1988 1556 2013 con-

227 2042 312 2080 silio
334 2043 478 2081 Caesar
502 2043 640 2079 frustra
664 2040 804 2079 diebus
829 2040 980 2090 aliquot
1000 2040 1256 2091 consumptis,
1283 2054 1332 2078 ne
1362 2039 1554 2089 reliquum

228 2114 381 2155 tempus
403 2105 582 2153 dimittat,
603 2105 756 2144 infectis
778 2106 832 2144 eis
853 2119 955 2155 quae
974 2119 1087 2155 agere
1109 2105 1369 2144 destinaverat
1387 2105 1438 2143 ab
1459 2105 1556 2143 urbe
1576 2122 1616 2152 30

228 2170 485 2221 proficiscitur
505 2179 623 2221 atque
644 2171 683 2209 in
705 2171 927 2210 ulteriorem
950 2171 1118 2209 Galliam
1139 2170 1323 2221 pervenit.

276 2284 310 2304 11
339 2275 449 2305 hortat
467 2274 515 2305 U:
542 2280 615 2305 orat
629 2274 688 2305 D'l
853 2285 890 2306 12
916 2275 979 2305 illis
996 2286 1032 2305 se
1050 2275 1145 2305 oneri
1164 2285 1231 2304 non
1249 2274 1396 2304 futurum
1414 2273 1554 2304 D'U‘T:

230 2317 294 2348 illis
309 2319 404 2348 oneri
422 2328 457 2348 se
477 2329 544 2348 non
570 2319 717 2349 futurum
735 2318 782 2348 V:
808 2319 851 2349 illi
870 2329 906 2349 se
924 2319 1019 2349 oneri
1039 2329 1105 2348 non
1124 2318 1315 2348 defuturum
1333 2318 1345 2347 l
1360 2316 1555 2352 Oudendorp

233 2361 271 2391 18
296 2362 455 2400 operibus
477 2362 546 2394 Vl2:
573 2362 691 2401 opibus
709 2362 863 2392 D'L'TV
873 2373 947 2392 corr.
1138 2362 1200 2391 —ire
1218 2360 1260 2390 l²z
1286 2360 1341 2390 -iri
1358 2363 1400 2393 B:
1426 2370 1490 2390 om.
1509 2360 1556 2389 D‘

231 2414 271 2443 25
295 2404 427 2443 -duumff
446 2406 552 2446 incipz't
569 2405 595 2435 L
723 2416 766 2444 30
791 2406 932 2435 dimittat
950 2405 1058 2435 Paul:
1084 2405 1214 2435 omittat
1232 2403 1276 2433 L·—’
1292 2415 1298 2433 :
1323 2403 1432 2434 mittat
1450 2402 1486 2433 X
