1705 2729
351 154 424 190 DE
455 152 634 190 BELLO
664 151 1079 189 ALEXANDRINO
1110 152 1280 188 LIBER

156 270 266 308 esset,
304 261 474 311 legiones
514 261 664 299 Baetim
703 259 869 298 traducit
906 260 1110 309 aciemque
1149 260 1311 297 instruit.
1372 263 1512 300 Cuma

157 325 336 365 Cassium
376 333 511 364 contra
552 338 623 375 pro
665 324 743 362 suis
783 323 916 361 castris
955 323 1080 361 aciem
1124 324 1347 362 instruxisse
1387 326 1475 362 loco

156 390 351 440 superiore
371 390 528 436 videret,
551 402 667 428 causa
687 388 924 438 interposita,
947 389 1055 438 quod
1085 387 1116 425 is
1144 388 1182 425 in
1202 402 1372 437 aequum
1394 403 1474 426 non

155 455 419 500 descenderet,
444 455 653 491 Marcellus
682 452 870 490 militibus
898 453 1105 502 persuadet
1137 460 1178 489 ut
1213 466 1253 490 se
1287 452 1473 502 recipiant

118 517 193 558 5in
227 526 360 556 castra.
421 521 558 568 Itaque
591 517 724 568 copias
761 518 946 555 reducere
984 516 1123 566 coepit.
1185 516 1352 563 Cassius,
1394 527 1511 566 quo4

154 582 260 621 bono
275 583 428 620 valebat
450 583 759 631 Marcellumque
774 580 972 618 infirmum
993 594 1077 618 esse
1098 580 1256 626 sciebat,
1273 594 1472 630 aggressus

153 645 327 696 equitatu
357 646 586 696 legionarios
611 659 651 684 se
680 644 900 695 recipientis
929 644 1140 694 compluris
1170 644 1402 683 novissimos
1433 644 1472 683 in

154 710 324 748 fluminis
348 710 438 760 ripis
465 709 665 748 interfecit.
725 710 828 748 Cum
854 709 930 747 hoc
961 708 1196 747 detrimento
1230 708 1325 758 quid
1355 716 1473 747 transm
1491 721 1508 751 5

153 774 227 813 itus
266 774 435 813 fluminis
469 774 536 812 viti
574 773 891 823 difficultatisque
929 774 1089 811 haberet
1127 773 1327 823 cognitum
1359 782 1470 820 esset,

96 851 135 873 10
155 840 363 877 Marcellus
376 846 499 877 castra
515 838 667 877 Baetim
681 839 868 884 transfert,
887 838 1102 886 crebroque
1124 845 1286 887 uterque
1302 837 1474 887 legiones

152 902 191 941 in
210 903 335 942 aciem
356 903 488 942 educit
501 918 511 952 3
554 916 683 953 neque
709 909 841 941 tamen
871 901 1091 952 confligitur
1117 909 1274 951 propter
1298 903 1473 941 locorum

152 967 407 1006 difficultates.

206 1033 298 1070 Erat
318 1032 440 1083 copiis
460 1031 705 1082 pedestribus
729 1033 854 1070 multo
874 1030 1019 1069 firmior
1040 1031 1249 1068 Marcellus
1264 1045 1273 1078 3
1303 1032 1474 1070 habebat
1492 1027 1538 1064 61

151 1096 256 1134 enim
283 1104 481 1135 veteranas
511 1096 721 1146 multisque
750 1095 906 1146 proeliis
935 1102 1111 1145 expertas
1140 1095 1323 1144 legiones.
1383 1097 1474 1135 Cas-

96 1171 132 1203 15
151 1161 230 1199 sius
251 1160 342 1200 fidei
362 1160 483 1211 magis
507 1173 625 1210 quam
645 1159 775 1198 virtuti
803 1159 1001 1210 legionum
1023 1160 1259 1198 confidebat.
1320 1161 1470 1209 Itaque,
1495 1177 1508 1197 2

151 1239 241 1264 cum
257 1233 380 1264 castra
400 1225 532 1264 castris
552 1226 692 1264 collata
707 1232 837 1263 essent
852 1232 890 1263 et
908 1225 1116 1262 Marcellus
1132 1226 1264 1262 locum
1285 1224 1473 1263 idoneum

150 1291 310 1328 castello
354 1289 519 1340 cepisset
557 1303 636 1340 quo
678 1288 884 1339 prohibere
926 1301 1028 1338 aqua
1075 1287 1284 1327 Cassianos
1329 1295 1472 1339 posset,

151 1354 364 1404 Longinus,
387 1354 529 1394 veritus
550 1368 599 1392 ne
618 1367 759 1404 genere
785 1354 959 1403 quodam
986 1352 1204 1391 obsidionis
1231 1354 1474 1391 clauderetur

152 1418 192 1456 in
208 1419 430 1469 regionibus
451 1418 586 1457 alienis
608 1418 760 1468 sibique
781 1417 940 1464 infestis,
963 1424 1083 1456 noctu
1104 1416 1258 1456 silentio
1278 1431 1323 1456 ex
1340 1417 1473 1456 castris

93 1495 133 1518 20
151 1483 405 1533 proficiscitur
439 1483 631 1533 celerique
670 1482 805 1521 itinere
840 1482 973 1522 Uliam
1006 1481 1220 1528 contendit,
1257 1483 1365 1531 quod
1399 1482 1473 1521 sibi

150 1548 265 1586 fidele
296 1561 380 1587 esse
414 1548 605 1598 oppidum
639 1548 834 1586 credebat.
894 1546 956 1584 Ibi
986 1547 1087 1584 adeo
1121 1545 1331 1584 coniuncta
1361 1546 1472 1596 ponit
1492 1561 1510 1591 3

151 1612 358 1651 moenibus
387 1619 511 1650 castra
537 1619 579 1650 ut
608 1619 645 1650 et
676 1611 752 1650 loci
781 1619 1145 1660 natura-namque
1175 1610 1267 1650 Ulia
1296 1610 1335 1648 in
1365 1611 1472 1650 edito

150 1684 284 1716 monte
322 1676 449 1727 posita
486 1683 638 1714 est—et
681 1676 766 1726 ipsa
808 1675 1026 1714 munitione
1064 1675 1169 1713 urbis
1208 1675 1383 1725 undique
1420 1676 1471 1714 ab

150 1740 442 1791 oppugnatione
472 1748 577 1779 tutus
612 1748 722 1778 esset.
794 1741 915 1778 Hunc
947 1741 1155 1777 Marcellus
1187 1738 1403 1789 insequitur
1433 1747 1471 1778 et
1490 1755 1510 1784 4

93 1820 130 1853 ²5
150 1819 268 1856 quam
307 1805 482 1856 proxime
516 1812 644 1855 potest
684 1804 817 1844 Uliam
851 1812 975 1843 castra
1012 1803 1144 1842 castris
1183 1805 1332 1843 confert
1369 1806 1472 1843 loco-

149 1883 314 1920 rumque
341 1870 497 1920 cognita
523 1877 669 1916 natura,
692 1883 772 1919 quo
799 1868 966 1907 maxime
986 1882 1067 1906 rem
1088 1869 1282 1907 deducere
1302 1869 1468 1916 volebat,

149 1934 379 1973 necessitate
406 1942 464 1973 est
490 1935 683 1973 deductus
710 1941 751 1971 ut
785 1946 913 1983 neque
940 1932 1330 1983 confligeret-cuius
1360 1933 1390 1972 si
1417 1932 1471 1971 rei

149 2001 310 2038 facultas
326 2006 437 2046 esset,
453 1998 628 2038 resistere
644 1998 811 2036 incitatis
832 1997 1019 2036 militibus
1040 2011 1120 2036 non
1136 2005 1470 2048 poterat—neque

149 2063 276 2115 vagari
300 2064 480 2104 Cassium
507 2063 620 2102 latius
646 2070 849 2114 pateretur,
872 2076 922 2101 ne
945 2064 1073 2113 plures
1103 2062 1276 2101 civitates
1301 2076 1346 2101 ea
1368 2070 1471 2112 pate-

90 2143 131 2174 30
149 2136 280 2167 rentur
299 2141 399 2178 quae
419 2128 521 2179 passi
541 2135 649 2167 erant
666 2127 953 2168 Cordubenses.
1005 2126 1183 2166 Castellis
1204 2126 1355 2165 idoneis
1375 2126 1471 2165 locis
1492 2139 1509 2170 5

192 2244 211 2272 3
235 2234 365 2264 videret
382 2233 507 2263 D'A25:
544 2243 608 2263 om.
628 2234 650 2266 Β
753 2243 775 2272 9
799 2231 1069 2270 difficultatisque
1086 2231 1168 2261 EL:
1195 2230 1471 2269 difficultatesque

150 2280 213 2308 cett.
323 2278 361 2307 16
385 2276 504 2307 collata
519 2275 726 2317 Stephanus:
753 2275 914 2306 collocata
929 2274 967 2304 X
1067 2285 1110 2304 20
1134 2274 1246 2304 Uliam
1266 2274 1469 2305 Ciaccom'us:

151 2320 262 2351 Ullam
286 2319 324 2349 X
343 2320 387 2351 sic
408 2324 534 2360 semper
661 2329 702 2349 22
727 2323 763 2348 ut
786 2323 819 2349 et
836 2318 965 2348 Aldus:
1000 2322 1034 2348 ut
1059 2322 1110 2348 est
1132 2317 1169 2346 X
1276 2327 1316 2356 23
1341 2322 1374 2347 et
1400 2317 1472 2355 ipsa

151 2362 279 2393 Aldus:
306 2368 342 2393 ut
363 2363 435 2402 ipsa
452 2362 489 2392 X
633 2373 673 2401 27
698 2363 862 2393 deductus
878 2360 1072 2402 Nipperdey:
1108 2361 1249 2391 eductus
1265 2361 1357 2391 EL':
1393 2361 1471 2391 edo-

153 2411 224 2438 ctus
239 2406 317 2437 DT‘
