1705 2729
599 119 642 157 C.
678 119 792 156 IVLI
825 119 1093 157 CAESARIS

185 231 308 268 moles
346 237 465 279 atque
505 242 685 279 aggerem
723 228 774 267 ab
813 236 976 279 utraque
1020 236 1129 278 parte
1171 229 1291 268 litoris
1329 230 1507 277 iaciebat,

146 300 165 332 6
185 295 293 343 quod
324 293 384 331 his
418 292 513 331 locis
546 301 625 331 erat
656 294 847 331 vadosum
882 306 997 331 mare.
1064 293 1238 344 Longius
1271 306 1507 344 progressus,

185 371 275 396 cum
296 370 411 407 agger
433 357 570 395 altiore
595 370 698 406 aqua
724 356 915 396 contineri
945 370 1025 395 non
1053 365 1196 407 posset,
1219 357 1309 396 ratis
1334 358 1510 408 duplices

186 434 348 471 quoquo
385 434 518 459 versus
556 422 704 471 pedum
742 433 831 459 xxx
870 435 891 459 e
929 421 1087 471 regione
1126 421 1240 460 molis
1279 422 1506 460 collocabat.

149 495 163 528 7
188 488 273 523 Has
304 485 502 535 quaternis
528 485 681 523 ancoris
708 499 754 524 ex
782 497 844 523 1111
873 485 1024 535 angulis
1055 486 1288 532 destinabat,
1312 499 1361 524 ne
1390 485 1512 524 flucti-
1531 504 1548 534 5

147 557 163 585 S
186 550 259 587 bus
281 556 538 588 moverentur.
601 549 676 587 His
697 549 878 600 perfectis
900 550 1181 599 collocatisque
1205 550 1299 588 alias
1324 550 1512 600 deinceps

145 630 163 660 9
184 614 267 664 pari
297 614 567 664 magnitudine
598 614 688 652 ratis
720 614 915 664 iungebat.
985 616 1070 652 Has
1100 622 1200 652 terra
1228 622 1346 664 atque
1374 628 1512 665 aggere

185 679 394 727 integebat‚
418 691 467 716 ne
493 677 622 716 aditus
646 685 764 728 atque
789 678 965 716 incursus
990 680 1041 717 ad
1069 680 1365 717 defendendum
1393 679 1512 730 impe-

185 743 353 790 diretur,
382 755 405 780 a
425 743 551 781 fronte
575 749 693 792 atque
713 742 763 780 ab
783 749 949 792 utroque
975 744 1092 781 latere
1113 743 1283 781 cratibus
1304 757 1350 781 ac
1369 744 1511 793 pluteis

130 821 165 842 10
185 807 414 857 protegebat
429 821 439 854 3
467 807 507 844 in
528 814 664 857 quarta
685 820 841 856 quaque
862 820 995 845 earum
1021 807 1133 845 turris
1154 807 1337 845 binorum
1364 808 1511 846 tabula·
1531 825 1571 848 ιο

186 879 314 910 torum
336 871 540 918 excitabat,
563 884 642 921 quo
669 871 919 910 commodius
944 872 993 910 ab
1019 872 1168 922 impetu
1196 871 1354 910 navium
1382 871 1512 911 incen-

187 936 340 985 diisque
360 936 599 974 defenderet.

113 998 167 1035 26
242 1001 390 1039 Contra
424 1001 522 1038 haec
563 999 775 1050 Pompeius
813 1000 921 1039 navis
966 1013 1127 1051 magnas
1168 1000 1374 1049 onerarias,
1416 1014 1514 1052 quas

187 1065 226 1103 in
267 1072 382 1115 portu
424 1064 664 1103 Brundisino
705 1066 975 1115 deprenderat,
1014 1066 1242 1104 adornabat.
1304 1066 1366 1105 Ibi
1400 1067 1512 1105 turris

187 1144 277 1168 curn
311 1129 430 1168 ternis
464 1129 647 1168 tabulatis
681 1129 853 1180 erigebat
887 1144 1032 1180 easque
1066 1131 1198 1169 multis
1237 1131 1440 1170 tormentis
1474 1139 1512 1170 et
1533 1145 1571 1178 15

187 1195 296 1234 omni
323 1208 465 1244 genere
492 1196 657 1233 telorum
683 1196 900 1245 completas
926 1196 977 1234 ad
1004 1208 1123 1245 opera
1148 1195 1326 1235 Caesaris
1346 1197 1514 1245 appelle-

188 1261 265 1307 bat,
307 1266 349 1298 ut
387 1258 477 1297 ratis
515 1266 783 1309 perrumperet
820 1266 939 1309 atque
977 1272 1096 1309 opera
1135 1259 1379 1298 disturbaret.
1452 1259 1515 1298 Sic

189 1323 335 1362 cotidie
374 1323 571 1373 utrimque
605 1322 758 1361 eminus
796 1322 938 1370 fundis,
973 1322 1120 1373 sagittis
1155 1323 1392 1374 reliquisque
1431 1323 1516 1362 telis

154 1407 168 1427 2
190 1388 447 1438 pugnabatur.
508 1389 640 1437 Atque
667 1388 764 1426 haec
786 1388 930 1427 Caesar
951 1387 1003 1426 ita
1022 1387 1330 1435 administrabat,
1355 1395 1397 1427 ut
1425 1401 1516 1426 con-

191 1453 368 1492 diciones
407 1452 513 1502 pacis
553 1452 808 1492 dimittendas
847 1467 926 1492 non
967 1453 1229 1502 existimaret3
1276 1468 1322 1493 ac
1361 1453 1515 1493 tametsi
1537 1468 1576 1490 20

191 1530 428 1567 magnopere
452 1517 717 1556 admirabatur
739 1517 929 1567 Magium,
951 1532 1070 1568 quem
1090 1519 1142 1557 ad
1164 1519 1398 1569 Pompeium
1425 1533 1515 1558 cum

191 1580 387 1620 mandatis
422 1580 589 1628 miserat,
623 1582 673 1620 ad
703 1595 744 1620 se
776 1595 855 1621 non
892 1582 1047 1630 remitti,
1080 1590 1199 1634 atque
1231 1597 1277 1622 ea
1307 1598 1366 1623 res
1401 1597 1518 1634 saepe

191 1652 380 1695 temptata
419 1645 491 1683 etsi
531 1645 700 1696 impetus
746 1646 828 1684 eius
873 1646 1116 1697 consiliaque
1163 1649 1352 1696 tardabat,
1386 1656 1517 1687 tamen

156 1718 174 1749 3
191 1709 376 1749 omnibus
396 1710 512 1748 rebus
534 1710 573 1748 in
594 1724 642 1748 eo
662 1713 990 1760 perseverandum
1011 1713 1184 1763 putabat.
1246 1715 1385 1763 Itaque
1406 1713 1520 1752 Cani-

193 1773 301 1812 nium
320 1773 506 1812 Rebilum
527 1775 709 1824 legatum,
731 1774 959 1814 familiarem
977 1776 1320 1827 necessariumque
1341 1777 1519 1816 Scriboni
1541 1792 1577 1823 25

194 1838 369 1885 Libonis,
388 1839 505 1877 mittit
524 1841 576 1878 ad
605 1853 695 1878 eum
720 1841 892 1890 colloqui
908 1854 1025 1880 causa
1040 1857 1050 1889 3
1080 1843 1241 1881 mandat
1262 1850 1304 1881 ut
1325 1843 1519 1881 Libonem

195 1904 245 1941 de
266 1903 514 1941 concilianda
537 1916 634 1953 pace
662 1905 837 1943 hortetur
851 1920 860 1952 3
891 1905 930 1943 in
955 1905 1089 1955 primis
1113 1914 1155 1944 ut
1180 1907 1262 1957 ipse
1289 1920 1379 1945 cum
1408 1909 1521 1946 Pom-

155 1985 176 2016 4
194 1966 284 2016 peio
331 1968 619 2017 colloqueretur
665 1971 836 2018 postulat
852 1984 861 2016 3
908 1983 1146 2020 magnopere
1190 1984 1275 2010 sese
1322 1974 1521 2011 confidere

195 2032 448 2078 demonstrat,
482 2032 513 2070 si
551 2033 634 2072 eius
673 2033 726 2072 rei
764 2034 812 2072 sit
846 2042 1018 2084 potestas
1050 2037 1165 2085 facta,
1195 2037 1277 2075 fore
1310 2045 1353 2075 ut
1385 2037 1521 2087 aequis

196 2095 497 2135 condicionibus
523 2097 572 2135 ab
598 2097 714 2136 armis
738 2097 962 2138 discedatur
976 2115 986 2147 3
1016 2100 1126 2139 cuius
1149 2100 1203 2139 rei
1230 2114 1412 2151 magnam
1440 2115 1522 2151 par-
1542 2113 1582 2144 30

196 2168 275 2198 tem
306 2161 430 2199 laudis
460 2169 578 2211 atque
607 2162 903 2202 existimationis
931 2165 983 2203 ad
1013 2165 1209 2204 Libonem
1235 2173 1519 2215 perventuram,

160 2240 175 2270 5
197 2225 227 2262 si
252 2225 318 2263 illo
341 2233 501 2264 auctore
524 2234 641 2276 atque
664 2235 803 2278 agente
832 2229 883 2267 ab
911 2229 1027 2268 armis
1057 2230 1105 2268 sit
1134 2230 1360 2269 discessum.
1421 2232 1522 2270 Libo

241 2329 261 2357 8
286 2338 327 2358 ne
354 2339 387 2359 r:
414 2333 447 2358 et
473 2339 508 2358 re
533 2328 599 2360 D':
631 2340 696 2360 om.
721 2332 743 2364 β
896 2341 935 2370 25
961 2332 1257 2371 necessariumque
1281 2333 1372 2363 edd:
1406 2343 1521 2364 neces-

196 2371 322 2401 sarium
340 2370 427 2402 codd.
445 2382 451 2401 :
476 2371 532 2402 del.
553 2372 678 2403 Holder
