1705 2729
377 161 450 197 DE
482 158 660 195 BELLO
692 155 1106 193 ALEXANDRINO
1138 157 1306 192 LIBER

180 270 375 321 equitibus
398 269 519 307 Gallis
546 267 812 312 arbitrabatur,
837 266 876 303 in
909 266 1059 316 navigia
1085 265 1233 304 minora
1256 268 1498 315 scaphasque

178 334 361 385 imponit;
389 331 453 385 [in]
468 334 625 370 alteram
641 331 790 369 insulae
807 338 955 379 partem
971 330 1217 368 distinendae
1232 343 1370 368 manus
1384 343 1500 368 causa

178 397 380 438 constratis
402 397 565 435 navibus
585 395 813 445 aggreditur,
832 394 1012 444 praemiis
1034 394 1183 444 magnis
1203 394 1412 444 propositis
1434 393 1500 443 qui

177 463 323 513 primus
354 461 521 500 insulam
553 459 729 510 cepisset.
790 461 849 497 Ac
883 459 1010 509 primo
1049 459 1238 509 impetum
1278 466 1499 496 nostrorum

139 541 156 571 5
177 527 317 577 pariter
340 526 631 564 sustinuerunt:
675 537 755 562 uno
783 523 888 561 enim
920 531 1095 573 tempore
1123 531 1161 561 et
1188 537 1234 561 ex
1261 522 1371 561 tectis
1398 522 1501 560 aedi-

177 591 351 629 ficiorum
386 589 685 639 propugnabant
716 595 754 625 et
785 587 897 626 litora
934 587 1070 625 armati
1104 588 1379 632 defendebant,
1421 600 1501 635 quo

177 662 332 705 propter
351 653 597 703 asperitatem
627 652 703 690 loci
732 666 812 690 non
843 651 965 690 facilis
995 651 1135 690 nostris
1164 651 1292 689 aditus
1322 651 1497 695 dabatur,

176 727 213 757 et
234 718 387 768 scaphis
417 717 660 766 navibusque
691 717 816 766 longis
846 716 1022 765 quinque
1053 716 1248 754 mobiliter
1276 723 1313 753 et
1335 714 1500 753 scienter

175 783 371 833 angustias
403 781 480 820 loci
516 782 735 819 tuebantur.
797 781 874 818 Sed
904 780 970 818 ubi
1005 780 1172 830 primum
1208 779 1303 818 locis
1335 778 1499 828 cognitis

121 860 157 881 10
175 847 362 897 vadisque
393 846 660 896 pertemptatis
700 845 815 895 pauci
856 844 976 883 nostri
1015 845 1054 881 in
1094 845 1204 883 litore
1243 843 1500 882 constiterunt

174 920 290 961 atque
319 912 391 949 hos
421 918 510 948 sunt
539 909 604 948 alii
633 909 833 948 subsecuti
868 917 1169 958 constanterque
1198 908 1237 946 in
1268 922 1334 947 eos
1364 907 1431 957 qui
1461 907 1499 944 in

174 976 285 1014 litore
314 988 441 1024 aequo
471 974 689 1013 institerant
721 974 911 1024 impetum
940 975 1123 1019 fecerunt,
1152 986 1289 1011 omnes
1320 971 1500 1010 Pharitae

174 1048 279 1090 terga
299 1046 504 1078 verterunt.
567 1039 643 1076 His
659 1038 785 1091 pulsis
813 1037 992 1076 custodia
1011 1045 1145 1087 portus
1167 1037 1299 1075 relicta
1320 1036 1428 1074 navis
1449 1037 1499 1074 ad

174 1104 285 1142 litora
318 1112 356 1142 et
389 1100 519 1141 vicum
554 1102 799 1153 applicarunt
833 1115 952 1152 seque
988 1116 1034 1140 ex
1071 1101 1236 1140 navibus
1270 1102 1321 1139 ad
1353 1102 1501 1139 tuenda

118 1182 154 1214 15
171 1167 351 1207 aedificia
380 1168 587 1206 eiecerunt.

227 1234 367 1282 Neque
387 1246 478 1270 vero
499 1231 645 1270 diutius
666 1245 713 1270 ea
733 1231 953 1270 munitione
979 1244 1019 1270 se
1047 1230 1247 1270 continere
1275 1237 1496 1281 potuerunt,

173 1296 244 1335 etsi
274 1304 353 1335 erat
382 1310 463 1335 non
493 1296 682 1335 dissimile
710 1303 828 1346 atque
855 1297 1124 1334 Alexandreae
1153 1308 1276 1345 genus
1305 1294 1500 1333 aedificio*

174 1375 268 1412 rum,
292 1369 334 1400 ut
363 1361 515 1400 minora
544 1360 756 1399 maioribus
786 1361 1043 1406 conferantur,
1075 1367 1275 1409 turresque
1303 1359 1431 1398 editae
1461 1367 1499 1398 et

173 1426 405 1465 coniunctae
433 1425 531 1463 muri
559 1427 689 1463 locum
718 1424 961 1471 obtinebant,
986 1438 1114 1474 neque
1144 1424 1265 1462 nostri
1292 1432 1358 1462 aut
1386 1423 1498 1462 scalis

118 1505 157 1526 20
172 1498 238 1529 aut
258 1490 427 1529 cratibus
447 1498 514 1528 aut
534 1489 691 1539 reliquis
712 1490 828 1527 rebus
853 1488 973 1539 parati
994 1496 1180 1527 venerant
1200 1490 1250 1527 ad
1272 1502 1498 1538 oppugnan-

172 1556 277 1593 dum.
337 1556 414 1593 Sed
435 1562 554 1593 terror
575 1553 802 1592 hominibus
825 1561 997 1592 mentem
1019 1553 1307 1603 consiliumque
1328 1552 1440 1602 eripit
1461 1560 1498 1591 et

173 1620 348 1658 membra
373 1619 575 1666 debilitat3
607 1626 649 1657 ut
679 1626 761 1656 tum
793 1617 945 1656 accidit.
1007 1618 1085 1666 Qui
1114 1631 1154 1655 se
1184 1617 1223 1654 in
1253 1631 1380 1667 aequo
1409 1619 1498 1656 loco
1523 1649 1540 1664 ,,

171 1697 216 1721 ac
236 1685 354 1733 plano
374 1697 485 1734 pares
502 1697 586 1722 esse
607 1683 871 1728 confidebant,
891 1682 995 1720 idem
1019 1681 1207 1732 perterriti
1228 1683 1318 1731 fuga
1338 1695 1497 1720 suorum

171 1755 209 1786 et
229 1750 349 1787 caede
369 1762 583 1798 paucorum
612 1760 700 1785 XXX
722 1748 869 1797 pedum
898 1746 1103 1785 altitudine
1132 1746 1171 1783 in
1196 1746 1384 1785 aedificiis
1409 1760 1499 1785 con-

115 1825 151 1857 ²5
172 1812 304 1851 sistere
329 1813 412 1852 ausi
440 1827 520 1852 non
545 1820 636 1851 sunt
660 1826 780 1862 seque
805 1826 872 1862 per
904 1813 1049 1850 molem
1074 1811 1113 1848 in
1142 1825 1246 1849 mare
1273 1811 1498 1861 praecipita-

170 1884 307 1915 verunt
336 1885 374 1916 et
403 1890 507 1916 Dccc
536 1890 720 1928 passuum
751 1877 995 1915 intervallum
1024 1877 1074 1914 ad
1102 1875 1293 1925 oppidum
1321 1883 1497 1915 enatave—

170 1949 268 1979 runt.
335 1942 452 1980 Multi
486 1950 617 1981 tamen
653 1956 699 1980 ex
733 1942 793 1979 his
825 1941 928 1992 capti
966 1940 1237 1990 interfectique
1270 1947 1359 1978 sunt
1376 1955 1387 1987 3
1427 1942 1495 1979 sed

171 2019 354 2044 numerus
375 2007 616 2057 captivorum
639 2006 802 2045 omnino
823 2006 894 2044 fuit
917 2019 982 2044 sex
1003 2005 1165 2043 milium.

225 2071 368 2109 Caesar
400 2073 544 2121 praeda
575 2071 763 2109 militibus
798 2084 985 2110 concessa
1024 2069 1204 2109 aedificia
1239 2069 1353 2119 diripi
1388 2069 1497 2108 iussit

114 2147 155 2178 30
172 2136 452 2185 castellumque
480 2137 530 2175 ad
560 2143 732 2186 pontem,
760 2135 827 2185 qui
860 2135 1017 2186 propior
1049 2143 1130 2173 erat
1159 2135 1295 2180 Pharo,
1323 2147 1497 2172 commu-

214 2251 233 2270 2
258 2241 291 2270 in
309 2245 383 2271 ante
398 2240 534 2272 alteram
553 2241 610 2272 del.
631 2240 743 2271 Aldus
841 2251 860 2279 4
885 2239 1008 2281 primo]
1026 2241 1171 2280 primum
1195 2239 1224 2269 T
1308 2249 1326 2277 5
1353 2239 1496 2280 pariter]

172 2283 327 2314 Pharitae
346 2284 521 2315 Schneider
652 2294 686 2314 11
714 2288 993 2322 constantemque
1011 2283 1083 2313 LT'
1209 2293 1246 2321 13
1272 2282 1317 2312 Hi
1338 2282 1426 2320 pulsi
1447 2282 1495 2312 L:

164 2330 240 2366 post
266 2327 332 2357 His
357 2327 463 2366 pulsis
488 2328 642 2358 lacunam
673 2333 761 2368 susp.
791 2327 963 2358 Schneider
1050 2327 1219 2357 custodiae
1244 2332 1360 2364 portus
1388 2325 1495 2355 relicti

171 2369 287 2399 Dinter
398 2372 437 2400 16
461 2381 502 2401 ea
519 2371 656 2401 Davies:
683 2381 725 2400 ex
742 2371 778 2401 X
891 2381 932 2400 22
956 2375 1034 2400 tunc
1052 2369 1119 2400 EU
1236 2370 1277 2398 26
1302 2378 1402 2398 Dcccc
1421 2368 1495 2398 L¹A

171 2438 214 2467 30
237 2430 373 2468 propior
394 2429 482 2460 UT‘:
509 2421 570 2469 p¹or
588 2431 621 2463 (i.
634 2441 659 2461 e.
677 2431 782 2470 prior>
801 2430 849 2460 E:
876 2430 963 2468 prior
981 2429 1079 2459 DLF
1344 2472 1403 2501 11*

1523 1043 1542 1074 6

1525 1230 1567 1268 18

1524 1568 1537 1588 2

1525 1634 1538 1650 3

1519 1955 1537 1983 4

1518 2080 1562 2119 19
