1705 2729
609 147 844 186 INCERTI
877 147 1156 185 AVCTORIS

184 275 201 303 ,3
223 269 383 295 manum
405 257 487 295 eius
509 257 654 296 incidit.
717 259 777 295 Ita
792 258 1013 306 refugerunt
1029 257 1078 294 ad
1096 258 1313 295 Caesarem.
1375 256 1544 294 Eodem-

221 335 297 370 que
319 330 494 372 tempore
515 321 672 371 signifer
692 322 741 359 de
763 321 915 370 legione
936 320 1059 371 prima
1081 319 1282 369 transfugit
1303 328 1340 358 et
1361 319 1540 365 innotuit,

219 398 298 434 quo
328 385 391 423 die
421 394 600 435 equestre
630 385 821 435 proelium
852 387 996 423 sactum
1022 392 1134 430 esset,
1163 397 1234 422 suo
1258 383 1370 433 signo
1398 383 1542 434 perisse

220 449 399 488 homines
430 462 557 496 xxxv,
592 463 720 499 neque
752 449 867 488 licere
897 448 1031 488 castris
1063 450 1135 487 Cn.
1169 447 1333 497 Pompei
1363 446 1542 485 nuntiare

180 531 198 558 4
218 527 347 563 neque
367 514 497 553 dicere
518 514 662 564 perisse
683 528 933 564 quemquam.
994 516 1145 559 Servus,
1164 512 1273 551 cuius
1294 511 1478 550 dominus
1502 511 1541 550 in
1561 519 1579 550 5

218 578 394 616 Caesaris
415 578 549 616 castris
570 578 922 617 fuisset—uxorem
944 586 981 616 et
999 577 1097 616 filios
1114 577 1153 614 in
1167 576 1316 626 oppido
1335 575 1542 625 reliquerat

217 665 268 669 ff<
289 642 491 681 dominam
518 643 705 693 iugulavit
737 650 773 681 et
800 642 853 681 ita
882 644 983 681 clam
1012 656 1035 680 a
1065 641 1241 681 Caesaris
1271 639 1472 690 praesidiis
1502 639 1541 678 in

218 706 381 756 Pompei
411 715 536 745 castra
565 707 743 746 discessit
774 716 811 745 et
836 707 1025 746 indicium
1053 696 1195 756 glande
1216 704 1403 755 scriptum
1425 703 1538 750 misit,

217 785 284 821 per
313 772 421 821 quod
451 772 590 810 certior
622 773 729 810 fieret
765 774 909 812 Caesar
939 786 1040 822 quae
1074 771 1114 809 in
1148 770 1297 820 oppido
1328 770 1380 808 ad
1409 770 1541 807 defen-

178 849 194 879 5
216 837 392 875 <lendum
444 844 771 885 compararentur.
852 838 913 874 Ita
960 835 1094 874 litteris
1139 834 1320 884 acceptis,
1362 847 1452 871 cum
1501 832 1539 871 in
1563 844 1600 866 10

216 901 407 951 oppidum
442 901 659 940 revertisset
689 901 756 951 qui
787 901 939 940 mittere
975 901 1159 951 glandem
1190 898 1414 948 inscriptam
1445 899 1540 936 sole-

177 972 195 1002 6
216 966 292 1003 bat.
326 996 332 1003 .
367 997 372 1003 .
407 997 412 1003 .
476 966 706 1016 Insequenti
737 975 913 1016 tempore
942 967 1024 1004 duo
1055 964 1230 1003 Lusitani
1259 965 1393 1002 fratres
1423 971 1541 1001 trans-

216 1031 328 1079 fugae
366 1030 594 1068 nuntiarunt
635 1044 755 1080 quam
794 1030 1009 1080 Pompeius
1047 1028 1275 1067 contionem
1314 1027 1538 1066 habuisset:

213 1094 401 1144 quoniam
449 1095 599 1145 oppido
639 1095 817 1133 subsidio
854 1108 934 1133 non
982 1100 1114 1143 posset
1152 1092 1294 1138 venire,
1334 1099 1454 1129 noctu
1493 1105 1539 1129 ex

211 1159 521 1198 adversariorum
553 1168 769 1210 conspectu
803 1173 844 1197 se
875 1160 1117 1198 deducerent
1144 1158 1196 1195 ad
1226 1170 1331 1194 mare
1360 1169 1513 1194 versum
1528 1169 1539 1203 3
1562 1168 1599 1200 15

213 1238 336 1262 unum
366 1224 615 1274 respondisse
642 1232 683 1263 ut
714 1224 844 1274 potius
870 1225 921 1262 ad
950 1223 1221 1262 dimicandum
1253 1222 1539 1260 descenderent

214 1302 332 1338 quam
362 1289 516 1339 signum
546 1291 661 1339 fugae
687 1290 938 1328 ostenderent
953 1303 964 1335 3
992 1301 1082 1326 eum
1103 1286 1170 1336 qui
1190 1286 1244 1325 ita
1263 1288 1416 1325 locutus
1437 1292 1538 1324 esset

177 1362 192 1396 7
213 1352 439 1403 iugulatum.
501 1355 656 1392 Eodem
686 1361 863 1403 tempore
883 1352 1072 1391 tabellarii
1092 1351 1175 1390 eius
1196 1350 1379 1402 deprensi
1399 1350 1467 1401 qui
1486 1351 1537 1389 ad

211 1418 403 1468 oppidum
445 1418 682 1457 veniebant:
730 1431 898 1468 quorum
945 1417 1089 1455 litteras
1138 1418 1282 1456 Caesar
1328 1415 1537 1465 oppidanis

211 1482 357 1521 obiecit
385 1491 434 1529 et,
470 1483 537 1533 qui
567 1483 686 1521 vitam
727 1482 800 1521 sibi
841 1490 998 1533 peteret,
1031 1481 1141 1520 iussit
1181 1489 1325 1519 turrem
1367 1480 1536 1530 ligneam
1558 1495 1599 1517 20

212 1547 500 1598 oppidanorum
542 1548 782 1595 incendere3
824 1548 865 1586 id
903 1547 933 1585 si
974 1546 1139 1593 fecisset,
1189 1545 1225 1584 ei
1272 1559 1313 1584 se
1360 1545 1537 1596 promisit

211 1613 344 1652 omnia
385 1627 674 1652 concessurum.
737 1614 859 1661 Quod
901 1612 1058 1651 difficile
1099 1619 1178 1650 erat
1220 1612 1336 1658 factn,
1367 1618 1410 1649 ut
1449 1624 1536 1649 eam

173 1688 190 1717 8
212 1686 355 1716 turrem
385 1678 468 1716 sine
498 1678 672 1729 periculo
702 1678 789 1728 quis
819 1677 1056 1716 incenderet.
1117 1678 1178 1714 Ita
1202 1677 1319 1715 †fune
1347 1688 1456 1713 crure
1486 1676 1536 1713 de

210 1742 340 1792 ligno-r
371 1756 460 1780 cum
490 1742 649 1792 propius
688 1741 924 1788 accessisset,
956 1742 1006 1779 ab
1045 1740 1253 1790 oppidanis
1283 1747 1341 1778 est
1370 1739 1532 1777 occisus.

170 1824 189 1855 9
211 1808 362 1845 Eadem
394 1814 510 1845 nocte
539 1808 737 1857 transfuga
760 1806 953 1844 nuntiavit
983 1804 1217 1855 Pompeium
1247 1811 1285 1842 et
1313 1803 1534 1842 Labienum
1556 1820 1594 1852 ²5

210 1873 260 1911 de
280 1871 520 1922 iugulatione
540 1871 829 1922 oppidanorum
850 1871 1072 1920 indignatos
1092 1884 1187 1908 esse.

144 1950 191 1987 19
265 1935 406 1985 Vigilia
453 1937 627 1974 secunda
674 1943 831 1985 propter
871 1934 1162 1974 multitudinem
1210 1935 1375 1972 telorum
1423 1932 1535 1971 turris

210 1999 348 2049 lignea,
384 2013 484 2049 quae
524 2007 655 2038 nostra
695 2000 840 2046 fuisset,
881 2000 931 2038 ab
971 1999 1051 2038 imo
1089 1998 1225 2036 vitium
1274 1998 1365 2036 fecit
1409 2011 1534 2047 usque

173 2079 187 2100 2
208 2065 259 2102 ad
290 2065 507 2102 tabulatum
538 2066 756 2103 secundum
778 2073 815 2103 et
845 2064 1012 2103 tertium.
1073 2065 1227 2102 Eodem
1257 2070 1434 2112 tempore
1463 2075 1533 2112 pro

209 2141 320 2166 muro
347 2136 569 2178 pugnarunt
595 2128 781 2167 acerrime
801 2136 839 2167 et
864 2129 998 2167 turrim
1024 2136 1196 2167 nostram
1224 2135 1266 2165 ut
1293 2126 1531 2176 superiorem
1552 2141 1592 2171 30

251 2242 269 2261 2
294 2231 437 2262 innotuit
461 2232 516 2261 D:
550 2242 617 2262 non
639 2232 748 2262 timuit
765 2234 808 2267 B:
846 2232 1016 2262 nuntiavit
1038 2231 1149 2261 Aldus-
1289 2230 1308 2260 6
1333 2229 1435 2260 filium
1461 2228 1540 2259 U'V

208 2286 225 2314 7
251 2276 417 2305 dominam
441 2275 617 2314 lVoeIffTin:
643 2276 815 2306 dominum
833 2274 870 2304 X
981 2286 1013 2305 11
1043 2274 1262 2305 revertissent
1280 2273 1314 2303 D
1401 2272 1532 2303 solebat

207 2318 384 2358 Nipperdqv
401 2319 458 2358 qui
472 2319 629 2348 lacunam
649 2319 789 2349 notavit:
813 2319 968 2350 solebant
985 2318 1022 2348 X
1146 2329 1186 2348 20
1210 2317 1333 2348 abiecit
1349 2319 1371 2352 Β
1491 2326 1532 2354 23

208 2362 248 2392 de
267 2362 357 2400 ligno
374 2361 428 2391 X:
455 2362 603 2401 deligato
622 2362 766 2402 Godwin,
788 2362 978 2402 Hoffmann
1003 2363 1063 2401 qm'
1085 2362 1162 2392 fune
1190 2361 1257 2391 secl.
1373 2361 1414 2391 28
1437 2360 1531 2390 verba

208 2405 321 2444 lignea
339 2409 366 2435 cl
383 2410 498 2436 nostra
516 2406 598 2436 intel·
611 2416 643 2435 se
654 2409 824 2446 permutat
838 2406 1027 2446 Hoffmann
1159 2416 1202 2444 30
1226 2410 1258 2435 et
1277 2415 1341 2435 0111.
1363 2403 1469 2434 LUT'
