1705 2729
600 123 643 161 c,
662 107 793 160 'IVLI
825 123 1094 162 CAESARIS

184 244 322 270 omnes
343 231 612 282 compluribus
632 232 893 271 Alexandriae
913 233 1035 280 bellis,
1061 235 1334 273 Ptolomaeum
1361 242 1511 285 patrem

184 296 224 333 in
252 309 414 345 regnum
436 298 678 344 reduxerant,
705 297 835 335 Bibuli
858 297 956 335 filios
978 299 1079 336 duos
1104 297 1386 345 interfecerant,
1410 299 1512 337 bella

185 374 276 398 cum
294 361 493 410 Aegyptiis
514 368 722 410 gesserant.
766 363 888 400 Hunc
904 375 1019 400 usum
1040 361 1092 400 rei
1111 362 1283 400 militaris
1299 363 1509 401 habebant.

112 432 166 459 111
242 425 318 463 His
334 425 456 475 copiis
474 426 599 464 fidens
616 426 790 464 Achillas
811 426 1129 476 paucitatemque
1151 426 1317 465 militurn
1335 427 1512 466 Caesaris

186 489 406 539 despiciens
437 491 657 540 occupabat
678 491 955 529 Alexandriam
984 498 1135 541 praeter
1162 504 1249 529 eam
1270 491 1405 541 oppidi
1430 505 1513 541 par·
1532 505 1549 535 5

185 560 264 592 tem
303 567 422 604 quam
454 555 599 594 Caesar
629 568 720 593 curn
760 554 948 593 militibus
987 555 1158 602 tenebat,
1198 555 1324 605 primo
1363 555 1511 605 impetu

183 619 348 657 domum
378 618 461 658 eius
486 619 697 668 irrumpere
725 627 888 658 conatus
903 634 913 667 ,-
956 620 1025 658 sed
1051 620 1195 659 Caesar
1222 619 1420 670 dispositis
1444 633 1513 670 per

146 699 161 719 2
183 683 263 721 vias
297 683 524 722 cohortibus
556 683 747 733 impeturn
782 684 864 722 eius
899 683 1090 722 sustinuit.
1153 685 1387 735 Eodemque
1418 692 1513 723 tem-

183 760 277 796 pore
306 755 521 797 pugnatum
553 754 610 786 est
639 749 689 786 ad
719 755 885 798 portum,
918 761 963 786 ac
993 750 1108 797 longe
1138 748 1347 786 maximam
1378 762 1423 787 ea
1452 762 1511 787 res

146 823 163 853 3
182 811 311 849 attulit
337 812 642 850 dimicationem.
704 812 827 850 Simul
853 812 957 850 enim
985 812 1156 851 diductis
1182 813 1304 863 copiis
1334 813 1510 863 pluribus
1535 827 1571 848 10

182 875 252 913 viis
273 876 520 925 pugnabatur
539 883 577 914 et
598 889 740 926 magna
760 876 1012 915 multitudine
1032 877 1140 915 navis
1161 879 1296 927 longas
1318 891 1511 928 occupare

182 941 314 978 hostes
335 941 579 978 conabantur
592 956 602 988 3
643 954 808 990 quarum
829 948 937 979 erant
960 953 983 978 L
1002 941 1145 979 auxilio
1167 941 1307 980 missae
1326 942 1377 980 ad
1399 944 1512 980 Pom-

182 1004 314 1055 peium
339 1005 567 1055 proelioque
596 1005 636 1043 in
656 1005 860 1044 Thessalia
884 1007 987 1044 facto
1017 1007 1181 1044 domum
1205 1006 1409 1053 redierant,
1433 1018 1512 1044 1111-

182 1083 307 1108 remes
328 1083 466 1108 omnes
487 1077 525 1108 et
546 1070 848 1120 quinqueremes
879 1078 993 1120 aptae
1014 1070 1305 1120 instructaeque
1325 1070 1510 1109 omnibus

181 1135 296 1172 rebus
334 1135 385 1172 ad
424 1134 711 1183 navigandum,
762 1142 913 1184 praeter
951 1136 1020 1173 has
1058 1146 1161 1181 xxu,
1203 1147 1304 1184 quae
1341 1135 1510 1185 praesidi
1533 1148 1569 1180 15

142 1216 161 1244 4
182 1212 298 1237 causa
319 1199 578 1238 Alexandriae
600 1212 684 1238 esse
706 1207 952 1246 consuerant,
976 1206 1196 1238 constratae
1217 1212 1355 1238 omnes
1374 1213 1384 1247 3
1413 1212 1510 1249 quas

181 1263 213 1301 si
251 1264 559 1314 occupavissent,
602 1266 724 1303 classe
758 1264 915 1304 Caesari
955 1271 1086 1314 erepta
1125 1272 1281 1314 portum
1319 1277 1365 1303 ac
1404 1278 1509 1303 mare

181 1335 307 1366 totum
347 1328 386 1366 in
426 1341 494 1366 sua
533 1336 727 1378 potestate
767 1329 967 1375 haberent,
1008 1335 1233 1367 commeatu
1277 1328 1510 1379 auxiliisque

142 1402 158 1433 5
181 1393 390 1432 Caesarem
411 1393 672 1442 prohiberent.
734 1395 874 1443 Itaque
894 1400 1002 1432 tanta
1021 1401 1079 1432 est
1099 1393 1353 1432 contentione
1376 1401 1509 1432 actum

180 1464 326 1506 quanta
355 1457 415 1506 agi
445 1457 593 1505 debuit,
617 1471 708 1496 curn
729 1457 783 1496 illi
813 1459 980 1496 celerem
1010 1457 1049 1495 in
1080 1470 1126 1496 ea
1155 1471 1194 1496 re
1224 1457 1436 1505 victoriam,
1469 1457 1509 1496 hi
1531 1471 1570 1494 20

141 1527 160 1559 6
180 1523 345 1560 salutern
367 1535 476 1560 suam
498 1522 711 1561 consistere
732 1522 917 1561 viderent.
978 1523 1056 1561 Sed
1076 1535 1158 1560 rem
1179 1521 1349 1561 obtinuit
1366 1523 1510 1562 Caesar

180 1586 388 1636 omnisque
426 1600 490 1625 eas
529 1587 637 1625 navis
677 1594 714 1625 et
753 1587 920 1637 reliquas
955 1600 1056 1637 quae
1090 1594 1198 1625 erant
1232 1587 1271 1624 in
1306 1587 1509 1626 navalibus

180 1651 366 1698 incendit,
389 1653 497 1701 quod
518 1660 598 1690 tam
628 1654 704 1691 late
724 1652 821 1691 tueri
849 1665 966 1702 parva
986 1664 1106 1690 manu
1130 1665 1210 1690 non
1234 1659 1397 1701 poterat,
1420 1665 1510 1690 con-

180 1716 388 1766 festimque
408 1717 459 1755 ad
481 1718 650 1755 Pharum
672 1716 836 1755 navibus
858 1716 999 1755 milites
1020 1716 1209 1766 exposuit.

100 1791 162 1819 112
236 1782 384 1820 Pharus
419 1789 476 1820 est
508 1781 547 1819 in
587 1782 713 1820 insula
751 1781 863 1820 turris
903 1794 1044 1831 magna
1080 1781 1298 1828 altitudine,
1336 1781 1507 1820 mirificis
1528 1788 1566 1819 25

144 1866 158 1886 2
181 1845 364 1895 operibus
396 1854 614 1894 exstructa3
658 1859 758 1896 quae
793 1860 939 1885 nomen
973 1846 1024 1885 ab
1058 1846 1185 1884 insula
1218 1845 1332 1896 cepit.
1393 1848 1508 1885 Haec

180 1909 305 1947 insula
325 1910 480 1949 obiecta
496 1911 755 1950 Alexandriae
776 1918 932 1961 portum
949 1910 1065 1950 efficit
1081 1925 1091 1957 3
1117 1911 1187 1949 sed
1206 1924 1229 1949 a
1244 1910 1508 1960 superioribus

180 1973 402 2022 regionibus
433 1975 471 2012 in
501 1975 789 2024 longitudinem
819 1988 1005 2025 passuum
1034 1986 1163 2013 Dcccc
1193 1975 1233 2012 in
1263 1987 1368 2012 mare
1398 1974 1507 2012 iactis

180 2038 349 2076 molibus
376 2046 542 2089 angusto
566 2039 703 2078 itinere
732 2047 769 2078 et
799 2047 920 2090 ponte
949 2052 1039 2077 cum
1070 2039 1219 2089 oppido
1246 2038 1504 2087 coniungitur.

143 2118 159 2148 3
181 2104 229 2140 In
258 2103 330 2140 hac
356 2111 446 2141 sunt
475 2103 601 2142 insula
631 2103 831 2142 domicilia
859 2103 1141 2153 Aegyptiorum
1171 2109 1209 2140 et
1233 2102 1340 2140 vicus
1371 2102 1507 2152 oppidi
1527 2111 1567 2142 30

180 2166 475 2217 magnitudine3
514 2181 695 2218 quaeque
725 2168 871 2218 ubique
895 2180 1013 2206 naves
1040 2166 1303 2216 imprudentia
1326 2173 1393 2204 aut
1413 2174 1507 2204 tem-

222 2282 241 2311 3
268 2271 384 2312 Hunc]
416 2271 507 2302 Hinc
533 2271 565 2302 E
586 2283 661 2302 corr.
798 2281 816 2311 5
843 2276 980 2311 praeter
1004 2281 1077 2301 eam
1105 2270 1237 2301 Clarke:
1270 2274 1446 2309 praeterea
1474 2269 1511 2299 X

184 2325 220 2353 13
245 2325 412 2345 1111remes
426 2315 536 2346 Paul:
561 2315 617 2355 ille
630 2313 813 2354 <eDLFT)
832 2315 985 2345 triremes
1002 2313 1038 2344 X
1138 2324 1175 2352 17
1201 2314 1340 2344 Caesari
1354 2313 1507 2353 Lipsius:

179 2358 337 2389 Caesaris
368 2358 406 2388 X
557 2368 599 2389 20
633 2359 685 2398 agi
711 2361 752 2392 13:
788 2358 942 2389 accidere
969 2357 1004 2387 D
1169 2358 1210 2387 28
1235 2357 1427 2396 regionibus
1450 2354 1506 2385 X:

180 2402 314 2440 regibus
332 2402 359 2432 L
378 2412 454 2432 corr.
