1705 2729
391 172 464 208 DE
496 173 674 210 BELLO
705 173 1120 211 ALEXANDRINO
1151 175 1320 211 LIBER

198 283 406 322 Celerrime
426 283 711 333 fortissimeque
730 291 864 322 contra
881 284 946 322 illo
967 284 1179 334 remigante
1195 298 1312 323 naves
1332 286 1516 324 adversae
1538 304 1552 323 2

195 348 325 386 rostris
355 356 631 386 concurrerunt
662 349 763 387 adeo
801 349 1051 386 veliementer
1089 356 1130 386 ut
1160 349 1268 387 navis
1300 350 1516 387 Octaviana

195 420 317 451 rostro
355 411 531 450 discusso
574 413 678 462 ligno
725 412 997 451 contineretur.
1075 413 1343 452 Committitur
1380 414 1552 454 acriter3

195 476 349 527 reliquis
383 476 479 514 locis
515 476 706 526 proelium
739 477 1057 526 concurriturque
1091 479 1141 515 ad
1173 479 1292 516 duces
1325 478 1514 516 maxime:

157 549 174 581 5
193 554 283 578 nam
311 554 400 578 cum
430 554 501 579 suo
530 541 697 590 quisque
724 541 910 579 auxilium
940 543 1063 588 ferret,
1087 555 1272 591 magnum
1294 542 1515 580 comminus

192 604 231 641 in
251 612 416 654 angusto
437 605 531 642 mari
551 605 740 654 proelium
764 607 908 643 factum
926 613 993 643 est.
1036 607 1278 655 Quantoque
1294 607 1515 645 coniunctis
1535 621 1553 650 4

192 668 312 718 magis
333 668 496 706 navibus
517 669 755 719 confligendi
777 677 948 719 potestas
970 670 1145 716 dabatur,
1169 678 1278 708 tanto
1299 671 1514 720 superiores

191 740 298 770 erant
318 732 542 780 Vatiniani3
583 732 649 782 qui
679 733 910 771 admiranda
938 733 1078 771 virtute
1108 748 1153 771 ex
1178 734 1256 772 suis
1284 735 1447 773 navibus
1475 735 1514 773 in

190 797 360 835 hostium
399 797 507 834 navis
545 797 733 835 transilire
771 811 850 836 non
895 797 1130 836 dubitabant
1177 806 1214 836 et
1262 798 1514 838 dimicatione

133 877 171 898 10
188 868 353 911 aequata
399 863 514 911 longe
562 861 777 912 superiores
819 861 959 900 virtute
996 876 1077 900 rem
1116 862 1277 901 feliciter
1314 864 1510 913 gerebant.

191 925 430 975 Deprimitur
467 925 587 976 ipsius
626 926 765 965 Octavi
813 925 1078 975 quadriremis,
1123 929 1268 965 multae
1316 936 1549 977 praeterea5

187 990 394 1040 capiuntur
417 998 484 1028 aut
511 990 641 1029 rostris
671 991 886 1040 perforatae
917 998 1165 1040 merguntur,
1204 1000 1512 1041 propugnatores

188 1054 392 1093 Octaviani
430 1055 569 1105 partim
608 1055 647 1092 in
685 1055 850 1095 navibus
889 1055 1119 1105 iugulantur,
1153 1055 1292 1105 partim
1332 1056 1371 1094 in
1406 1070 1510 1096 mare

186 1119 496 1169 praecipitantur.
557 1121 647 1169 Ipse
678 1120 865 1157 Octavius
896 1133 937 1158 se
968 1119 1008 1157 in
1039 1121 1225 1169 scapham
1258 1122 1430 1168 confert,
1471 1121 1509 1159 in
1530 1127 1548 1157 6

134 1197 167 1229 15
184 1196 303 1232 quam
333 1185 460 1233 plures
489 1196 580 1221 cum
609 1185 873 1234 confugerent,
897 1185 1081 1233 depressa
1110 1185 1256 1234 scapha
1287 1187 1509 1224 vulneratus

185 1253 316 1285 tamen
344 1248 504 1286 adnatat
534 1248 585 1286 ad
617 1261 730 1285 suum
764 1260 1054 1297 myoparonem.
1116 1250 1176 1287 Eo
1206 1257 1395 1299 receptus,
1419 1263 1508 1288 cum
1532 1262 1547 1294 7

184 1312 373 1360 proelium
408 1325 484 1351 nox
518 1312 724 1360 dirimeret,
759 1320 989 1363 tempestate
1024 1326 1165 1363 magna
1199 1313 1292 1352 velis
1327 1315 1505 1365 profugit.

185 1376 406 1426 Sequuntur
435 1378 539 1415 hunc
569 1390 661 1416 suae
691 1390 808 1416 naves
838 1391 918 1416 non
948 1379 1088 1425 nullae,
1112 1391 1209 1427 quas
1230 1391 1342 1416 casus
1362 1379 1412 1417 ab
1443 1379 1508 1417 illo

183 1439 354 1489 periculo
374 1440 597 1480 vindicarat.

127 1520 165 1543 20
236 1506 288 1543 At
308 1505 488 1544 Vatinius
508 1519 547 1545 re
563 1506 664 1545 bene
679 1514 787 1557 gesta
802 1506 974 1556 receptui
990 1506 1131 1545 cecinit
1148 1507 1307 1557 suisque
1323 1508 1506 1547 omnibus
1525 1520 1575 1559 47

182 1567 444 1608 incolumibus
464 1569 504 1608 in
533 1583 623 1609 eum
654 1584 694 1609 se
723 1578 879 1620 portum
900 1571 1024 1609 victor
1043 1571 1199 1621 recepit,
1224 1585 1303 1621 quo
1324 1586 1370 1610 ex
1390 1581 1505 1622 portu

181 1634 312 1673 classis
345 1634 484 1674 Octavi
515 1636 566 1674 ad
598 1635 868 1674 dimicandum
907 1644 1157 1686 processerat.
1219 1637 1334 1686 Capit
1374 1650 1419 1675 ex
1458 1652 1505 1676 eo
1528 1655 1542 1676 2

179 1700 328 1750 proelio
347 1709 549 1750 penterem
569 1714 700 1748 unam,
722 1701 887 1739 triremis
914 1702 1022 1748 duas,
1046 1701 1215 1740 dicrotas
1237 1714 1310 1739 V111
1333 1704 1505 1752 complu-

179 1764 308 1815 risque
345 1766 509 1817 remiges
543 1766 780 1805 Octavianos
811 1774 1048 1817 posteroque
1086 1766 1139 1805 ibi
1173 1767 1248 1813 die,
1282 1768 1377 1805 dum
1416 1781 1504 1806 suas

123 1846 159 1877 25
180 1830 429 1880 captivasque
458 1831 566 1869 navis
600 1832 784 1878 reficeret,
815 1839 1052 1881 consumpto
1085 1839 1174 1882 post
1208 1831 1313 1870 diem
1348 1832 1503 1870 tertium

178 1895 381 1933 contendit
414 1895 453 1933 in
481 1895 647 1934 insulam
675 1897 811 1943 Issam,
834 1897 942 1945 quod
973 1909 1021 1934 eo
1051 1909 1091 1934 se
1121 1895 1313 1945 recepisse
1339 1910 1385 1934 ex
1414 1898 1504 1946 fuga

178 1961 360 1999 credebat
377 1960 596 1999 Octavium.
643 1965 665 2002 †
679 1963 772 1999 Erat
787 1960 827 1998 in
848 1974 937 1999 eum
952 1965 973 2001 †
994 1960 1282 1999 nobilissimum
1300 1961 1500 2010 regionum
1522 1970 1540 2000 3

178 2038 309 2063 earum
347 2025 537 2076 oppidum
576 2025 1021 2075 coniunctissimumque
1067 2026 1243 2064 Octavio.
1322 2027 1413 2074 Quo
1461 2034 1501 2064 ut
1523 2036 1542 2066 4

177 2090 291 2137 venit,
315 2090 501 2140 oppidani
515 2091 709 2141 supplices
731 2105 770 2129 se
787 2091 946 2129 Vatinio
967 2090 1213 2137 dediderunt,
1233 2091 1502 2141 comperitque

120 2171 160 2200 30
178 2154 304 2204 ipsum
334 2155 542 2193 Octavium
575 2156 700 2205 parvis
732 2156 947 2206 paucisque
981 2155 1142 2206 navigiis
1177 2163 1294 2193 vento
1326 2157 1501 2194 secundo

178 2220 373 2269 regionem
396 2220 582 2259 Graeciae
602 2221 755 2271 petisse,
779 2221 871 2259 inde
895 2229 936 2259 ut
958 2221 1139 2267 Siciliam,
1163 2221 1307 2259 deinde
1327 2220 1499 2259 Africam

221 2334 260 2362 23
279 2329 452 2363 penterem
466 2325 672 2365 Stephanus:
699 2330 931 2365 penteremem
948 2325 984 2355 X
1131 2335 1170 2364 25
1190 2330 1391 2363 consumpto
1409 2325 1496 2356 codd.

177 2366 470 2405 Petav„Norv1'c.:
503 2379 567 2399 om.
595 2367 633 2397 X
717 2379 756 2407 27
783 2369 863 2400 Erat
888 2369 921 2399 in
947 2379 1022 2399 eum
1049 2367 1125 2398 DU'
1133 2369 1188 2398 T‘·
1224 2369 1301 2398 Erat
1329 2369 1359 2397 in
1386 2379 1426 2398 ea
1447 2368 1499 2399 E:

177 2415 247 2439 erat
269 2391 300 2439 ixi
319 2420 357 2440 ea
377 2410 496 2441 ᾸλΔδῑ
525 2411 706 2441 Ratincum
728 2411 850 2441 Latscn
