1705 2729
577 147 813 187 INCERTI
845 135 1125 186 Avc'roms

185 278 252 308 aut
272 269 394 308 caesis
420 269 597 308 eiusdem
626 269 743 319 partis
771 269 920 307 civibus
948 268 1186 305 incolumem
1215 267 1350 306 reverti
1375 269 1514 306 malle!

147 345 166 374 4
185 336 317 384 Atque
334 334 450 372 ctiam
466 332 538 385 [et]
553 333 756 383 superbius
772 333 894 371 Iubae
911 334 1056 370 factum
1074 346 1153 370 non
1170 332 1209 369 in
1226 334 1280 370 M.
1297 332 1511 382 Aquinum,

185 399 387 437 hominem
415 412 563 437 novum
586 412 829 448 parvumque
855 406 1088 444 senatorem,
1111 399 1179 436 sed
1207 397 1247 435 in
1274 397 1511 448 Scipionem,

185 463 388 502 hominem
435 464 500 501 illa
545 462 701 510 familia,
741 462 940 513 dignitate,
982 462 1198 501 honoribus
1236 470 1509 513 praestantem.

147 540 164 570 5
185 529 370 577 Namque
398 541 489 566 cum
520 527 651 577 Scipio
680 528 814 578 sagulo
841 541 1036 577 purpureo
1059 534 1150 565 ante
1176 526 1274 576 regis
1298 527 1511 565 adventum
1533 535 1550 566 5

183 592 239 630 uti
268 592 404 631 solitus
435 600 546 640 esset,
571 591 712 631 dicitur
741 593 842 630 Iuba
870 605 960 630 cum
991 606 1038 630 eo
1068 591 1192 641 egisse
1221 605 1302 629 non
1332 599 1512 641 oportere

143 664 163 694 6
182 656 291 695 illum
313 659 455 697 eodem
477 659 538 695 uti
554 656 695 696 vestitu
715 665 833 707 atque
854 656 936 707 ipse
957 664 1137 695 uteretur.
1199 658 1338 705 Itaque
1365 657 1510 694 facturn

181 729 239 760 est
273 729 314 760 ut
346 721 477 772 Scipio
507 722 558 760 ad
586 722 721 759 album
751 735 835 760 sese
865 721 1047 759 vestitum
1077 722 1298 759 transferret
1324 727 1362 758 et
1387 720 1511 759 Iubae

180 785 331 824 homini
352 785 632 836 superbissimo
653 785 967 835 inertissimoque
988 786 1285 835 obtemperaret.

108 850 160 898 58
234 852 395 888 Postero
416 849 480 889 die
507 849 705 888 universas
731 849 908 888 omnium
933 849 1065 899 copias
1094 850 1144 887 de
1170 849 1303 888 castris
1323 848 1509 888 omnibus
1533 863 1570 884 ιο

179 915 354 953 educunt
381 921 418 952 et
443 913 694 964 supercilium
724 914 926 963 quoddam
951 915 1146 952 excelsum
1168 913 1272 952 nacti
1292 927 1373 952 non
1393 914 1509 964 longe

178 992 202 1016 a
231 978 407 1018 Caesaris
439 978 572 1016 castris
603 977 728 1016 aciem
763 977 1006 1016 constituunt
1036 985 1154 1027 atque
1188 977 1243 1015 ibi
1276 976 1506 1016 consistunt.

142 1058 158 1080 2
180 1044 324 1082 Caesar
353 1042 447 1081 item
468 1042 649 1092 producit
673 1041 806 1092 copias
836 1041 1090 1091 celeriterque
1119 1041 1174 1080 eis
1201 1041 1398 1080 instructis
1417 1049 1509 1080 ante
1560 1042 1562 1044 ’

178 1121 266 1145 suas
288 1107 536 1153 munitiones,
561 1121 662 1156 quae
683 1114 790 1145 erant
811 1105 850 1143 in
871 1119 1022 1155 campo,
1045 1105 1257 1152 constituit,
1280 1105 1364 1143 sine
1384 1105 1508 1144 dubio

177 1171 402 1210 existimans
423 1174 524 1210 ultro
543 1170 794 1217 adversarios,
818 1184 907 1208 cum
930 1178 1008 1208 tam
1030 1169 1179 1220 magnis
1199 1169 1323 1220 copiis
1342 1170 1507 1208 auxiliis·
1529 1179 1567 1209 15

176 1249 254 1285 que
285 1236 383 1287 regis
414 1244 544 1274 essent
573 1235 738 1285 praediti
768 1234 1065 1285 promptiusque
1100 1233 1369 1284 prosiluissent
1401 1242 1504 1280 ante,

139 1316 156 1346 3
176 1315 309 1340 secum
352 1314 611 1340 concursuros
641 1300 881 1351 propiusque
910 1313 951 1338 se
979 1313 1214 1338 accessuros
1293 1301 1410 1349 Equo
1438 1298 1507 1338 cir-

175 1374 403 1405 cumvectus
446 1365 698 1416 legionesque
740 1366 966 1404 cohortatus
1011 1364 1123 1414 signo
1166 1365 1261 1403 dato
1301 1377 1505 1402 accessum

136 1447 156 1477 4
175 1431 345 1469 hostium
367 1431 645 1480 aucupabatur.
707 1431 797 1481 Ipse
827 1430 931 1469 enim
961 1444 984 1468 a
1012 1430 1091 1468 suis
1118 1429 1404 1468 munitionibus
1424 1431 1506 1468 lon-

173 1495 258 1546 gius
297 1509 377 1534 non
416 1495 499 1534 sine
539 1495 687 1534 ratione
726 1509 801 1533 non
840 1496 1088 1545 procedebat,
1130 1496 1239 1545 quod
1277 1495 1317 1533 in
1355 1494 1504 1545 oppido
1526 1504 1566 1526 20

175 1560 341 1608 Uzittae,
391 1562 499 1610 quod
548 1560 679 1610 Scipio
727 1561 896 1607 tenebat,
948 1559 1119 1598 hostium
1167 1568 1276 1598 erant
1323 1561 1504 1598 cohortes

172 1634 366 1674 armatae3
396 1626 526 1664 eidem
546 1632 677 1663 autem
699 1625 847 1675 oppido
873 1626 925 1664 ad
953 1626 1133 1664 dextrum
1158 1626 1257 1663 latus
1278 1624 1361 1664 eius
1381 1637 1503 1663 cornu

173 1698 253 1729 erat
277 1690 513 1740 oppositum,
537 1690 821 1739 verebaturque
848 1703 908 1737 ne,
931 1689 962 1728 si
989 1697 1292 1740 praetergressus
1322 1696 1434 1735 esset,
1457 1702 1504 1727 ex

173 1754 322 1808 oppido
351 1754 556 1805 eruptione
589 1756 691 1792 facta
724 1755 774 1792 ab
808 1755 927 1792 latere
956 1768 1046 1792 eum
1078 1753 1204 1792 adorti
1235 1753 1500 1792 conciderent.

135 1831 152 1862 5
174 1820 377 1857 Praeterea
397 1820 494 1857 haec
515 1832 674 1869 quoque
699 1832 789 1857 eum
817 1832 935 1857 causa
963 1819 1138 1865 tardavit,
1162 1819 1270 1868 quod
1291 1826 1371 1857 erat
1391 1820 1501 1856 locus
1523 1833 1560 1864 25

172 1883 333 1933 quidam
364 1883 645 1934 perimpeditus
675 1891 765 1922 ante
794 1883 918 1922 aciem
940 1883 1145 1934 Scipionis,
1177 1897 1296 1933 quem
1325 1882 1404 1921 suis
1434 1882 1502 1921 im-

172 1947 401 1998 pedimento
421 1949 472 1986 ad
494 1949 594 1986 ultro
615 1949 902 1986 occurrendum
924 1949 1005 1986 fore
1026 1948 1281 1987 existimabat.

98 2020 153 2060 59
226 2014 318 2051 Non
349 2012 513 2051 arbitror
543 2026 627 2051 esse
661 2012 1063 2063 praetermittendum,
1100 2026 1219 2063 quern
1249 2013 1300 2051 ad
1334 2013 1499 2052 modum

171 2077 360 2115 exercitus
390 2076 591 2127 utriusque
622 2077 764 2116 fuerint
793 2077 832 2115 in
861 2076 986 2116 aciem
1015 2077 1202 2116 instructi.
1262 2075 1392 2127 Scipio
1422 2077 1499 2115 hoe

134 2159 150 2180 2
171 2143 292 2180 modo
323 2141 447 2180 aciem
479 2142 637 2181 derexit.
697 2142 928 2181 Collocabat
957 2141 996 2179 in
1026 2143 1153 2180 fronte
1186 2155 1274 2179 suas
1306 2149 1344 2179 et
1374 2141 1498 2179 Iubae
1517 2157 1557 2187 30

216 2254 229 2274 1
258 2245 365 2275 caesis
381 2244 449 2276 edd.
469 2256 475 2274 :
501 2245 657 2276 Caesaris
673 2243 712 2274 X
833 2254 852 2274 2
878 2248 999 2285 etpost
1014 2244 1113 2275 etiam
1131 2244 1189 2276 del.
1209 2243 1278 2275 edd.
1406 2254 1423 2283 7
1449 2245 1495 2275 uti

169 2287 244 2318 add.
266 2288 333 2318 edd.
443 2299 463 2328 9
486 2288 765 2328 ineptissimoque
785 2287 984 2318 Cornelissen
1091 2298 1131 2319 10
1155 2288 1297 2319 Postera
1318 2287 1348 2318 T
1456 2298 1492 2318 11

168 2332 316 2361 educunt
344 2331 406 2362 U‘:
439 2332 608 2363 deducunt
631 2335 695 2362 cett.
836 2333 875 2361 16
899 2337 979 2362 ante
1003 2341 1117 2362 secum
1142 2331 1285 2362 DU‘T‘:
1312 2335 1392 2361 ante
1410 2341 1448 2361 se
1465 2330 1495 2360 L

167 2385 209 2404 20
234 2385 300 2404 non
333 2374 408 2405 add.
440 2375 552 2405 Aldus
701 2384 745 2413 3ο
768 2376 899 2406 derexit
931 2375 987 2405 D:
1027 2375 1150 2405 direxit
1180 2377 1202 2408 Β
1316 2374 1494 2405 collocarat

165 2418 281 2448 Novak
