1705 2729
591 129 826 169 INCERTI
857 129 1138 169 AVCTORIS

196 242 372 290 dumque
393 253 549 279 cursum
577 240 745 279 tardiora
769 241 960 280 haberent
986 240 1144 292 dieique
1169 255 1257 292 pars
1284 241 1421 292 exigua
1447 242 1524 280 iam

196 304 345 355 reliqua
375 312 486 352 esset,
520 304 749 343 cohortibus
783 305 982 355 equitibus
1017 305 1267 345 circumdatis
1301 308 1526 345 cohortatur

197 377 239 407 ut
270 383 351 408 uno
385 369 463 408 ictu
499 371 785 408 contenderent
819 384 948 421 neque
983 371 1234 418 remitterent,
1268 372 1396 410 donec
1427 373 1526 410 ultra

198 433 355 472 ultimos
372 434 481 473 collis
503 434 625 472 hostis
647 434 908 485 reppulissent
933 444 1051 485 atque
1079 449 1214 474 eorum
1241 444 1371 474 essent
1399 436 1523 486 potiti.

160 510 176 540 5
199 500 338 549 Itaque
359 499 471 549 signo
488 500 581 538 dato
602 513 693 538 cum
714 499 790 537 iam
813 501 945 538 hostes
968 500 1151 550 languide
1168 502 1244 539 tela
1264 502 1528 550 neglegenter·
1546 513 1564 544 5

197 576 274 613 que
298 563 505 610 mitterent,
529 564 661 603 subito
687 564 861 603 immittit
892 564 1063 603 cohortis
1091 573 1316 616 turmasque
1343 579 1502 604 suorum
1516 581 1527 614 3

196 635 314 678 atque
334 636 484 679 puncto
505 628 692 678 temporis
720 629 899 668 hostibus
927 630 1036 667 nullo
1063 629 1222 679 negotio
1244 643 1385 679 campo
1406 626 1526 680 pulsis

197 700 285 743 post
321 694 543 743 collemque
586 693 749 732 deiectis
784 694 888 732 nacti
923 695 1055 732 locum
1088 701 1207 743 atque
1242 693 1296 732 ibi
1331 694 1528 745 paulisper

198 758 441 805 commorati,
459 758 512 797 ita
533 758 588 796 uti
610 766 718 796 erant
735 758 912 797 instructi
933 758 1071 797 leniter
1092 772 1133 797 se
1154 759 1203 797 ad
1225 771 1313 797 suas
1335 758 1527 809 recipiunt

199 822 448 861 munitiones.
510 824 692 872 Itemque
717 823 926 862 adversarii
953 824 1055 862 male
1080 822 1233 874 accepti
1260 830 1343 861 tum
1364 824 1526 862 demum
1548 839 1587 862 10

198 900 240 926 se
261 889 311 926 ad
332 901 401 926 sua
421 887 613 938 praesidia
634 888 894 926 contulerunt.

90 955 95 959 “
133 970 179 1007 19
254 952 417 991 Interim
451 966 497 992 ea
530 965 570 991 re
600 960 708 1002 gesta
742 960 780 991 et
813 952 964 1003 proelio
993 953 1189 1004 dirempto
1223 967 1269 992 ex
1298 953 1526 992 adversariis

199 1019 400 1067 perfugere
432 1019 561 1067 plures
596 1031 642 1056 ex
677 1018 785 1056 omni
819 1031 961 1068 genere
1000 1017 1218 1066 hominum,
1251 1026 1290 1057 et
1328 1026 1528 1069 praeterea

162 1097 176 1118 2
198 1082 404 1132 intercepti
425 1082 598 1121 hostium
615 1084 837 1134 complures
854 1083 1005 1134 equites
1026 1083 1267 1134 peditesque.
1312 1086 1370 1122 Ex
1383 1083 1526 1134 quibus

199 1147 400 1197 cognitum
428 1155 486 1187 est
512 1148 721 1187 consilium
748 1148 933 1196 hostium,
957 1162 1025 1187 eos
1052 1150 1125 1187 hac
1156 1157 1287 1188 mente
1318 1156 1355 1187 et
1381 1156 1526 1187 conatu
1548 1164 1585 1196 15

198 1212 351 1251 venisse
372 1219 414 1251 ut
440 1226 545 1252 novo
565 1221 683 1264 atque
711 1213 898 1253 inusitato
923 1227 1066 1264 genere
1092 1213 1215 1264 proeli
1240 1213 1384 1253 tirones
1411 1213 1527 1263 legio-

199 1277 295 1315 narii
333 1277 528 1328 paucique
567 1278 780 1329 perturbati
821 1277 1002 1319 Curionis
1042 1280 1222 1329 exemplo
1260 1278 1311 1316 ab
1350 1277 1526 1327 equitatu

162 1355 178 1385 3
199 1340 453 1381 circumventi
488 1342 809 1393 opprimerentur,
846 1350 885 1382 et
923 1342 975 1381 ita
1015 1342 1236 1381 Labienum
1274 1342 1418 1382 dixisse
1455 1356 1527 1394 pro

198 1407 396 1454 contione,
430 1414 579 1446 tantam
615 1421 656 1447 se
695 1408 988 1447 multitudinem
1027 1407 1258 1447 auxiliorum
1297 1407 1526 1447 adversariis

199 1471 376 1511 Caesaris
407 1472 804 1512 sumministraturum
839 1480 882 1512 ut
913 1473 1031 1512 etiam
1056 1474 1261 1512 caedendo
1291 1472 1331 1511 in
1363 1472 1448 1523 ipsa
1475 1472 1528 1510 vi-
1547 1489 1587 1512 20

198 1536 320 1575 ctoria
335 1537 534 1587 defatigati
547 1537 793 1576 vincerentur
808 1545 926 1588 atque
946 1551 968 1577 a
984 1537 1062 1576 suis
1079 1545 1362 1588 superarentur,
1380 1537 1527 1588 quippe

198 1601 309 1651 †quis
343 1601 383 1640 in
417 1601 599 1643 illorumi·
629 1602 702 1641 sibi
738 1604 964 1651 confideret,
999 1603 1169 1653 primum
1205 1604 1314 1653 quod
1351 1602 1527 1642 audierat

200 1668 354 1705 Romae
375 1667 548 1717 legiones
569 1675 770 1707 veteranas
792 1668 997 1708 dissentire
1019 1682 1148 1719 neque
1172 1667 1212 1707 in
1233 1667 1406 1707 Africam
1428 1670 1527 1707 velle

198 1731 359 1770 transire
374 1747 384 1780 3
425 1732 570 1771 deinde
602 1734 710 1783 quod
742 1732 911 1772 triennio
944 1734 984 1772 in
1017 1733 1149 1772 Africa
1179 1747 1270 1772 suos
1301 1733 1443 1772 milites
1473 1747 1527 1772 re-

199 1803 328 1835 tentos
373 1797 661 1836 consuetudine
705 1798 831 1837 fidelis
871 1798 945 1838 sibi
989 1798 1067 1837 iarn
1110 1798 1314 1846 effecisset,
1357 1798 1527 1838 maxima
1547 1813 1585 1845 25

199 1868 331 1899 autem
355 1861 497 1900 auxilia
524 1863 685 1901 haberet
709 1862 973 1902 Numidarum
1000 1863 1177 1914 equiturn
1210 1863 1383 1913 levisque
1407 1877 1527 1901 arma-

200 1931 319 1973 turae,
353 1933 551 1976 praeterea
585 1941 632 1966 ex
667 1929 757 1978 fuga
788 1928 1019 1979 proelioque
1051 1928 1296 1978 Pompeiano
1329 1928 1527 1966 Labienus

245 2040 264 2060 2
288 2030 457 2070 equitibus
478 2032 612 2064 Aldus:
653 2033 857 2072 equitatibus
873 2032 945 2063 D¹:
980 2032 1252 2071 equitatibusque
1269 2030 1370 2062 D²Ez
1407 2031 1527 2071 equiti-

200 2073 329 2113 busque
350 2074 433 2105 U'T'
494 2076 662 2115 equitibus
681 2077 894 2108 circumdatis
911 2086 979 2106 om.
997 2075 1025 2105 L
1151 2087 1170 2115 4
1195 2076 1245 2106 eis
1265 2074 1296 2104 V
1417 2076 1437 2105 8
1461 2075 1527 2106 col-

201 2116 334 2156 lemque
346 2116 410 2148 L‘:
435 2118 551 2149 collem
564 2119 612 2149 D'
630 2131 636 2150 ε
661 2119 747 2150 colle
770 2120 807 2150 T'
899 2130 936 2157 13
961 2119 1140 2159 perfugere
1160 2118 1312 2150 Gudius:
1337 2118 1477 2158 persuge
1495 2116 1531 2147 Χ

203 2159 394 2199 complures
407 2160 436 2191 L
451 2164 490 2203 (2)
508 2161 667 2202 PVoefflt'n
730 2162 819 2193 exD
835 2174 840 2193 :
857 2167 890 2193 et
903 2163 955 2196 Εβ
1092 2163 1130 2193 18
1157 2162 1341 2193 Labienum
1357 2161 1426 2192 edd.
1443 2173 1450 2192 ε
1475 2161 1527 2192 Iu-

201 2203 275 2234 bam
292 2202 330 2233 X
480 2215 519 2236 21
544 2206 761 2237 vincerentur
778 2209 800 2240 β
817 2218 823 2237 :
847 2207 1068 2237 caederentur
1083 2205 1118 2236 D
1258 2215 1299 2235 22
1323 2205 1397 2244 quis
1414 2215 1469 2235 om
1499 2204 1531 2235 E

202 2247 234 2277 in
252 2246 348 2278 L'T:
386 2259 453 2279 non
470 2247 524 2278 D:
551 2251 572 2279 fi
589 2249 638 2280 E:
665 2260 729 2281 om.
757 2249 789 2279 V
915 2250 971 2288 qui
998 2250 1030 2279 in
1057 2249 1188 2280 illorum
1215 2258 1354 2279 numero
1372 2247 1527 2288 Lipsius:

202 2291 258 2330 qui
285 2291 357 2322 sine
388 2291 520 2323 illorum
550 2302 614 2332 ope
639 2291 909 2324 Forchhammer:
943 2293 999 2332 qui
1029 2292 1084 2323 illo
1121 2302 1255 2323 rumore
1288 2292 1426 2332 (omisso
1448 2290 1526 2327 sibi)

202 2333 393 2374 Hoffmann
567 2346 606 2374 24
631 2341 783 2366 retentos
816 2336 1059 2367 consuetudine
1090 2335 1243 2366 Kraner:
1282 2335 1528 2365 consuetudine

204 2377 411 2409 retentosX
