1705 2729
586 103 629 141 C.
665 104 781 140 IVLI
814 103 1083 141 CAESARIS

171 220 262 259 tum,
289 213 484 262 legionum
513 213 621 262 signa
651 213 862 252 consistere
892 213 1070 252 iuberent
1100 226 1321 263 magnoque
1351 213 1500 263 impetu

170 278 385 327 equitatum
425 279 664 328 repellerent,
701 292 749 316 eo
785 286 983 317 summoto
1014 286 1174 328 repente
1208 278 1356 316 incitati
1385 291 1500 316 eursu

169 355 254 381 sese
275 342 313 380 in
329 344 447 380 valles
468 342 637 380 universi
657 343 908 381 demitterent
927 351 1045 392 atque
1065 343 1118 381 ita
1134 342 1358 393 transgressi
1371 356 1500 381 rursus

130 415 148 445 5
170 406 208 444 in
230 407 324 444 locis
346 407 610 456 superioribus
631 407 898 445 consisterent.
959 409 1062 445 Nam
1084 415 1236 446 tanturn
1256 408 1307 446 ab
1323 407 1498 457 equitum

168 484 327 509 suorum
365 471 516 509 auxiliis
545 472 716 518 aberant,
752 485 919 521 quorum
957 485 1164 510 numerum
1195 472 1394 511 habebant
1423 486 1500 510 ma-
1520 482 1537 512 5

167 549 298 584 gnum,
331 543 373 573 ut
411 549 479 574 eos
517 535 782 585 superioribus
817 535 1038 586 perterritos
1070 535 1226 586 proeliis
1254 535 1294 573 in
1325 535 1498 574 medium

168 599 383 649 reciperent
421 613 563 649 agmen
603 602 783 650 ultroque
821 614 889 639 eos
928 607 1155 648 tuerentur3
1197 614 1365 650 quorum
1404 600 1499 638 nulli

168 678 214 702 ex
244 663 379 703 itinere
409 666 597 703 excedere
626 664 769 703 licebat
798 665 893 715 quin
922 666 973 704 ab
1003 665 1178 715 equitatu
1199 665 1376 704 Caesaris
1403 665 1500 704 exci-

170 736 332 778 peretur.

95 792 150 829 80
223 793 309 831 Tali
326 794 421 832 dum
443 802 637 844 pugnatur
656 796 788 841 modo,
807 797 911 834 lente
931 803 1048 845 atque
1069 795 1255 846 paulatim
1276 794 1500 845 proceditur
1520 807 1560 830 10

168 858 384 907 crebroque
416 866 458 896 ut
487 860 564 896 sint
593 859 737 898 auxilio
766 859 845 897 suis
875 859 1116 907 subsistunt3
1154 867 1196 897 ut
1229 867 1313 897 tum
1343 858 1495 899 accidit.

85 972 89 977 ἱ
129 934 143 954 2
169 922 279 960 Milia
300 922 405 961 enim
427 923 617 973 progressi
639 936 701 962 1111
724 924 1075 973 vehementiusque
1102 924 1303 974 peragitati
1323 925 1373 962 ab
1395 924 1499 974 equi-

166 994 247 1025 tatu
280 996 454 1026 montem
490 990 687 1027 excelsum
723 989 882 1039 capiunt
920 988 1053 1038 ibique
1088 1002 1166 1027 una
1204 990 1329 1028 fronte
1363 997 1499 1028 contra

165 1053 318 1091 hostem
358 1061 482 1091 castra
521 1053 702 1091 muniunt
741 1067 870 1103 neque
908 1053 1092 1092 iumentis
1127 1067 1246 1093 onera
1279 1055 1494 1103 deponunt.

129 1117 249 1156 sUbi
289 1118 466 1157 Caesaris
505 1125 629 1156 castra
673 1118 801 1168 posita
840 1119 1170 1168 tabernaculaque
1209 1118 1420 1157 constituta
1459 1126 1497 1157 et
1521 1133 1556 1165 15

166 1182 348 1221 dimissos
372 1182 522 1232 equites
543 1184 758 1233 pabulandi
779 1197 897 1222 causa
926 1183 1102 1221 animum
1130 1184 1388 1230 adverterunt,
1412 1197 1497 1222 sese

167 1246 297 1285 subito
323 1246 541 1296 proripiunt
572 1248 666 1286 hora
695 1247 846 1286 circiter
875 1256 982 1286 sexta
1011 1247 1187 1286 eiusdem
1217 1247 1295 1286 diei
1325 1256 1363 1286 et
1387 1261 1496 1298 spem

167 1310 269 1349 nacti
310 1324 440 1349 morae
479 1311 652 1350 discessu
696 1320 917 1351 nostrorum
956 1312 1132 1362 equitum
1172 1312 1242 1350 iter
1280 1314 1405 1351 facere
1444 1313 1498 1351 in-

126 1395 145 1423 4
166 1374 325 1424 cipiunt.
387 1377 477 1424 Qua
497 1390 536 1414 re
556 1376 732 1414 animum
753 1378 915 1415 adversa
936 1378 1080 1416 Caesar
1100 1377 1252 1415 refectis
1277 1377 1496 1427 legionibus

165 1440 424 1490 subsequitur,
457 1440 652 1490 praesidio
683 1441 975 1491 impedimentis
1006 1455 1151 1491 paucas
1185 1441 1356 1480 cohortis
1387 1442 1497 1481 relin-
1517 1457 1556 1479 20

164 1504 276 1554 quit,⁸
319 1506 414 1543 hora
453 1516 490 1542 X.
533 1506 719 1555 subsequi
763 1507 1010 1556 pabulatores
1056 1506 1286 1556 equitesque
1325 1507 1496 1546 revocari

164 1569 282 1608 iubet.
343 1570 531 1610 Celeriter
564 1571 759 1620 equitatus
788 1573 839 1609 ad
871 1572 1113 1610 cotidianum
1147 1572 1294 1610 itineris
1324 1572 1495 1611 officium

126 1647 143 1677 5
164 1634 374 1673 revertitur.
436 1638 634 1685 Pugnatur
653 1636 790 1675 acriter
810 1638 860 1675 ad
881 1637 1137 1675 novissimum
1158 1650 1309 1686 agmen,
1333 1638 1433 1675 adeo
1453 1645 1496 1675 ut

164 1712 290 1748 paene
324 1708 429 1751 terga
467 1708 706 1747 convertant,
741 1703 1043 1751 compluresque
1077 1701 1228 1748 milites,
1263 1701 1379 1740 etiarn
1414 1715 1495 1740 non

164 1765 260 1802 nulli
294 1765 553 1812 centuriones,
586 1765 879 1805 interficiuntur.
941 1768 1118 1805 Instabat
1147 1780 1288 1817 agmen
1318 1766 1494 1806 Caesaris
1516 1780 1553 1810 25

163 1836 282 1879 atque
302 1830 525 1868 universum
547 1830 788 1870 imminebat.

101 1894 144 1931 81
217 1896 321 1932 Tum
342 1909 433 1934 vero
454 1909 583 1945 neque
609 1897 659 1934 ad
689 1898 972 1946 explorandum
1000 1897 1188 1936 idoneum
1209 1898 1340 1936 locum
1361 1896 1494 1935 castris

163 1972 292 2008 neque
324 1961 373 1998 ad
405 1960 735 2010 progrediendum
770 1962 861 2000 data
894 1963 1077 2001 facultate
1111 1961 1330 2000 consistunt
1363 1975 1494 2000 neces-

163 2023 263 2062 sario
284 2030 322 2062 et
342 2026 477 2074 procul
497 2026 547 2063 ab
568 2039 671 2075 aqua
694 2033 732 2064 et
756 2033 892 2064 natura
918 2026 1054 2076 iniquo
1075 2028 1163 2065 loco
1183 2033 1307 2064 castra
1326 2034 1489 2076 ponunt.

128 2104 142 2124 2
164 2088 241 2125 Sed
268 2087 393 2126 isdem
424 2090 473 2127 de
503 2089 629 2127 causis
652 2091 795 2129 Caesar
821 2103 922 2139 quae
951 2104 1066 2140 supra
1089 2098 1179 2128 sunt
1202 2091 1492 2129 demonstratae
1512 2103 1552 2134 30

163 2151 311 2201 proelio
342 2166 423 2190 non
458 2154 610 2192 lacessit
626 2168 635 2201 ,·
673 2168 719 2192 ex
753 2168 801 2192 eo
832 2154 897 2192 die
931 2155 1180 2193 tabernacula
1211 2154 1327 2193 statui
1356 2168 1492 2205 passus

208 2266 226 2285 2
251 2257 436 2295 equitatum
454 2259 495 2291 B:
533 2258 648 2296 cquitfi
681 2258 715 2287 νῖ
744 2257 789 2287 D'
963 2269 983 2297 3
1009 2260 1226 2289 demitterent
1266 2258 1489 2291 Vascosanus:

164 2299 371 2329 dimitterent
391 2299 427 2329 X
540 2312 576 2339 19
602 2301 739 2331 refectis
756 2302 966 2341 I-Ioffmamz:
994 2303 1120 2332 relictis
1137 2301 1174 2331 X
1292 2312 1330 2340 31
1359 2302 1488 2341 proelio

164 2342 211 2372 F:
237 2342 302 2381 ’ρΙὶο
320 2343 460 2374 D'UT':
487 2344 577 2383 impli
599 2344 659 2375 L¹:
686 2343 763 2383 apli'
781 2345 825 2374 L‘*
960 2356 1002 2374 cx
1022 2345 1085 2376 D‘:
1104 2351 1135 2375 et
1153 2348 1175 2379 β
