1705 2729
473 133 546 170 DE
578 131 757 171 BELLO
788 132 965 171 CIVILI
998 129 1099 170 LIB'.
1133 135 1151 171 I

202 244 262 280 Re
293 241 448 291 cognita
479 241 675 279 Domitius
704 243 755 280 ad
780 242 1012 292 Pompeium
1043 243 1081 280 in
1110 243 1293 293 Apuliam
1323 244 1467 294 peritos
1487 254 1529 292 17

146 305 346 356 regionum
378 320 521 356 magno
550 306 751 356 proposito
775 307 948 356 praemio
978 321 1067 345 cum
1095 307 1229 346 litteris
1257 308 1373 347 mittit
1400 310 1467 359 qui

144 377 278 419 petant
311 377 429 419 atque
467 378 578 408 orent
610 378 650 408 ut
685 370 758 408 sibi
797 371 1024 409 subveniat:
1066 373 1274 411 Caesarem
1310 374 1466 412 duobus

144 433 374 472 exercitibus
413 442 450 471 et
489 435 664 472 locorum
712 435 898 485 angustiis
947 435 1058 474 facile
1106 436 1311 475 intercludi
1351 451 1466 486 posse

106 512 122 541 5
143 500 417 548 frumentoque
446 498 653 548 prohiberi.
715 500 835 548 Quod
865 499 937 537 nisi
968 500 1111 547 fecerit,
1144 514 1184 539 se
1214 502 1465 552 cohortisque
1488 518 1501 537 2

141 559 308 610 amplius
329 572 417 597 xxx
440 574 704 610 magnumque
731 575 936 599 numerum
965 570 1188 600 senatorum
1216 571 1333 613 atque
1360 564 1465 614 equi-

142 632 224 661 tum
257 626 527 662 Romanorum
562 624 601 662 in
640 625 854 675 periculum
893 640 977 664 esse
1012 635 1227 665 venturum.
1300 628 1461 666 Interim
1486 641 1503 671 3

141 701 231 726 suos
252 689 476 726 cohortatus
498 696 689 727 tormenta
710 689 748 727 in
770 690 888 727 muris
905 690 1077 740 disponit
1098 699 1300 741 certasque
1322 692 1463 742 cuique

140 751 257 801 partis
286 753 336 790 ad
366 753 585 791 custodiam
617 754 722 791 urbis
753 754 951 802 attribuit3
993 755 1178 794 militibus
1208 756 1246 793 in
1277 757 1461 796 contione
1483 777 1501 807 4

84 831 120 852 κ)
139 830 249 865 agros
271 831 316 855 ex
337 817 415 856 suis
436 818 748 867 possessionibus
770 819 984 868 pollicetur,
1004 832 1058 857 XL
1078 820 1117 857 in
1139 820 1310 870 singulos
1332 821 1461 872 iugera

139 890 176 920 et
196 895 267 931 pro
287 890 368 920 rata
388 891 495 933 parte
516 884 809 924 centurionibus
831 885 1090 935 evocatisque.

194 946 355 984 Interim
389 948 545 987 Caesari
581 949 779 987 nuntiatur
813 950 1093 997 Sulmonensis‚
1126 953 1233 1001 quod
1269 951 1458 1001 oppidum
1481 958 1524 995 18

137 1023 160 1048 a
191 1011 366 1049 Corfinio
402 1024 457 1049 vll
492 1012 641 1050 milium
681 1013 882 1052 intervallo
921 1015 1042 1061 abest,
1079 1029 1221 1065 cupere
1256 1031 1300 1055 ea
1335 1019 1460 1056 facere

137 1088 238 1124 quae
265 1078 390 1123 vellet,
421 1078 490 1115 sed
523 1091 545 1115 a
573 1079 620 1125 Q.
646 1078 827 1117 Lucretio
860 1087 1037 1118 senatore
1067 1088 1103 1118 et
1135 1081 1243 1119 Attio
1275 1082 1460 1132 Paeligno

81 1157 116 1188 15
137 1139 344 1188 prohiberi,
361 1141 427 1190 qui
449 1141 488 1179 id
510 1142 701 1190 oppidum
723 1155 778 1179 vn
802 1143 1021 1181 cohortium
1044 1145 1238 1193 praesidio
1260 1147 1456 1185 tenebant.

138 1204 260 1243 Mittit
281 1219 328 1244 eo
348 1207 401 1243 M.
420 1206 637 1244 Antonium
660 1220 748 1244 cum
770 1207 932 1256 legionis
950 1219 1038 1245 xm.
1056 1209 1283 1247 cohortibus
1298 1222 1331 1248 v,
1379 1212 1460 1249 Sul-
1482 1225 1496 1246 2

136 1282 345 1308 monenses
367 1270 481 1308 simul
508 1278 626 1320 atque
654 1270 761 1320 signa
785 1279 916 1309 nostra
937 1272 1127 1319 viderunt,
1151 1281 1279 1322 portas
1304 1288 1460 1324 aperue-

135 1341 223 1372 runt
244 1334 501 1385 universique,
526 1344 563 1374 et
585 1335 771 1385 oppidani
800 1344 837 1374 et
865 1336 1017 1383 milites,
1040 1337 1196 1375 obviam
1224 1341 1459 1388 gratulantes

134 1399 309 1438 Antonio
338 1400 521 1438 exierunt.
585 1400 787 1438 Lucretius
812 1408 849 1438 et
871 1401 1000 1439 Attius
1028 1403 1077 1440 de
1105 1416 1216 1440 muro
1244 1417 1284 1441 se
1311 1404 1460 1442 deiece-
1481 1417 1496 1446 3

77 1478 115 1500 20
134 1472 231 1502 runt.
294 1465 424 1503 Attius
451 1467 502 1503 ad
523 1465 741 1503 Antonium
769 1466 963 1503 deductus
987 1466 1083 1515 petit
1110 1474 1152 1504 ut
1178 1468 1228 1505 ad
1250 1469 1458 1507 Caesarem

134 1528 358 1567 mitteretur.
419 1530 616 1568 Antonius
646 1544 736 1568 curn
768 1530 994 1568 cohortibus
1025 1538 1061 1568 et
1086 1531 1196 1569 Attio
1223 1534 1364 1570 eodem
1395 1533 1458 1571 die

133 1606 212 1642 quo
245 1595 442 1643 profectus
477 1602 556 1633 erat
591 1594 800 1632 revertitur.
872 1596 1015 1634 Caesar
1053 1609 1118 1633 eas
1156 1596 1327 1634 cohortis
1366 1610 1495 1639 cum4

132 1658 301 1697 exercitu
330 1673 402 1697 suo
431 1659 633 1698 coniunxit
662 1659 893 1709 Attiumque
923 1659 1161 1698 incolumem
1191 1660 1348 1699 dimisit.

186 1724 330 1762 Caesar
358 1723 492 1773 primis
522 1724 662 1762 diebus
694 1731 817 1762 castra
847 1723 997 1774 magnis
1027 1724 1210 1774 operibus
1238 1726 1389 1764 munire
1418 1734 1456 1764 et

74 1802 111 1834 25
132 1801 178 1825 ex
207 1787 380 1826 finitimis
412 1788 634 1838 municipiis
666 1790 903 1827 frumentum
934 1796 1178 1839 comportare
1208 1789 1454 1840 reliquasque

131 1853 263 1902 copias
291 1860 513 1903 exspectare
540 1853 714 1891 instituit.
776 1856 835 1892 Eo
870 1853 999 1892 triduo
1030 1853 1130 1904 legio
1162 1867 1247 1892 vul.
1279 1856 1330 1893 ad
1362 1869 1452 1894 eum
1473 1868 1489 1898 5

130 1917 235 1955 venit
262 1919 522 1967 cohortesque
546 1932 592 1956 ex
619 1918 729 1956 novis
755 1918 904 1957 Galliae
934 1918 1142 1957 dilectibus
1169 1931 1259 1956 XXII
1289 1920 1453 1969 equites-

130 1995 206 2031 que
234 1983 284 2020 ab
311 1996 399 2032 rege
427 1982 574 2021 Norico
604 1982 754 2021 circiter
780 1995 863 2021 ccc.
925 1984 1104 2032 Quorum
1133 1985 1305 2022 adventu
1334 1986 1452 2022 altera

129 2055 252 2086 castra
271 2049 322 2086 ad
342 2049 502 2086 alteram
519 2048 654 2098 oppidi
674 2056 823 2097 partem
844 2049 955 2098 ponit
970 2064 980 2097 3
1008 2049 1067 2087 his
1088 2049 1221 2087 castris
1237 2049 1449 2088 Curionem

73 2128 112 2158 30
129 2112 323 2160 praefecit.
384 2112 561 2162 Reliquis
591 2113 729 2151 diebus
759 2113 949 2163 oppidum
977 2116 1078 2151 vallo
1108 2113 1354 2163 castellisque
1384 2114 1450 2152 cir·
1470 2123 1488 2153 6

128 2176 351 2214 cumvenire
388 2176 563 2214 instituit.
634 2177 756 2216 Cuius
795 2178 921 2227 operis
961 2179 1128 2216 maxima
1166 2187 1274 2228 parte
1312 2180 1449 2217 effecta

127 2242 268 2279 eodem
289 2243 367 2280 fere
392 2249 567 2291 tempore
593 2230 700 2281 missi
726 2243 776 2281 ad
798 2243 1031 2293 Pompeium
1060 2251 1311 2282 revertuntur.
1372 2243 1447 2281 Lit-
1467 2254 1512 2290 19

174 2354 211 2374 10
236 2354 278 2374 xx„
295 2344 348 2373 X:
373 2349 537 2383 quaterna
554 2345 621 2375 edd.
782 2347 821 2375 16
845 2355 918 2376 xm.
943 2346 1097 2377 Vossius:
1122 2346 1254 2376 V111.X
1405 2358 1446 2385 3ο

127 2387 383 2417 circummunire
402 2388 464 2418 cod.
483 2389 592 2418 Pelav.
