1705 2729
639 139 682 176 C.
718 139 833 175 IVLI
867 139 1134 176 s‘AEsARIS

225 249 355 299 ‘Quid
386 250 505 297 milii,5
536 250 673 300 inquit,
701 253 787 288 ‘aut
819 250 896 288 vita
929 257 995 288 aut
1027 250 1180 289 civitate
1210 264 1309 301 opus
1339 259 1406 299 est,
1431 265 1548 302 quam

222 314 416 352 beneficio
444 314 622 352 Caesaris
654 314 799 352 habere
833 315 1025 353 videbor?
1072 315 1182 353 cuius
1217 315 1269 353 rei
1302 316 1436 365 opinio
1467 316 1549 354 tolli

222 393 301 417 non
323 379 474 428 poterit,
499 392 590 417 curn
611 379 650 416 in
674 378 827 417 Italiam
860 393 906 418 ex
935 393 1012 429 qua
1038 381 1233 429 profectus
1254 393 1340 418 sum
1365 382 1549 419 reductus

184 443 494 490 5existimabor.'
571 445 682 481 Bello
721 445 894 494 perfecto
932 445 981 482 ab
1021 444 1076 482 eis
1115 446 1259 483 Caesar
1305 446 1402 484 haec
1449 447 1550 485 facta

220 508 403 557 cognovit
432 507 500 558 qui
530 508 700 546 sermoni
730 509 1012 556 interfuerunt,
1059 518 1222 548 conatus
1256 517 1388 549 tamen
1426 510 1549 550 nihilo
1570 526 1586 556 5

222 572 349 610 minus
372 580 429 611 est
449 572 533 611 aliis
554 572 770 611 rationibus
791 586 860 622 per
880 573 1077 623 colloquia
1097 575 1147 612 de
1168 587 1264 624 pace
1284 587 1406 624 agere.

154 640 200 678 19
275 638 383 676 Inter
413 638 506 676 bina
535 645 659 676 castra
694 638 859 688 Pompei
893 645 1010 688 atque
1041 639 1217 678 Caesaris
1249 652 1372 677 unum
1401 640 1548 678 flumen

219 710 372 741 tantum
389 703 570 741 intererat
586 705 728 753 Apsus,
756 704 970 753 crebraque
1000 703 1099 742 inter
1127 716 1169 742 se
1195 704 1391 754 colloquia
1407 703 1549 743 milites

221 768 431 814 habebant,
455 781 585 817 neque
605 769 729 806 ullum
755 767 908 806 interim
936 769 1055 806 telum
1078 781 1146 817 per
1166 768 1367 818 pactiones
1388 770 1548 818 loquen-

181 846 196 866 2
219 832 314 870 tium
350 832 607 870 traiciebatur.
681 832 804 870 Mittit
836 835 874 870 P.
908 832 1111 870 Vatinium
1141 834 1310 883 legatum
1340 834 1391 872 ad
1423 833 1546 884 ripam

218 897 342 947 ipsam
375 897 546 935 fluminis
578 897 645 947 qui
685 911 730 936 ea
769 911 870 947 quae
902 897 1069 936 maxime
1100 899 1151 936 ad
1183 911 1320 948 pacem
1355 898 1547 948 pertinere

218 962 443 1001 viderentur
489 969 619 1012 ageret
668 970 705 1001 et
753 963 889 1001 crebro
938 975 1079 1012 magna
1122 975 1218 1000 voce
1266 962 1544 1012 pronuntiaret,

219 1026 404 1065 liceretne
433 1026 583 1065 civibus
613 1028 664 1065 ad
694 1026 787 1065 civis
817 1028 867 1065 de
898 1040 994 1077 pace
1025 1027 1174 1072 †duos†
1204 1028 1351 1076 legatos
1381 1027 1543 1074 mittere,

216 1093 324 1141 quod
366 1091 482 1130 etiam
524 1091 693 1142 fugitivis
733 1093 783 1130 ab
827 1094 926 1130 saltu
963 1094 1162 1141 Pyrenaeo
1201 1091 1546 1142 praedonibusque

217 1156 397 1203 licuisset,
431 1156 656 1206 praesertim
687 1169 777 1194 cum
808 1156 848 1195 id
877 1163 1035 1205 agerent
1060 1169 1109 1194 ne
1141 1155 1244 1194 cives
1274 1169 1365 1194 cum
1395 1156 1545 1195 civibus

181 1232 197 1262 3
216 1221 332 1259 armis
362 1223 638 1260 decertarent?
714 1223 841 1259 Multa
880 1220 1105 1271 suppliciter
1139 1222 1293 1259 locutus
1323 1229 1391 1268 est,
1424 1228 1466 1259 ut
1496 1223 1546 1260 de

217 1300 286 1324 sua
315 1294 433 1337 atque
463 1286 641 1325 omnium
672 1288 796 1325 salute
826 1287 1007 1333 debebat,
1032 1285 1266 1336 silentioque
1293 1287 1343 1325 ab
1372 1286 1546 1337 utrisque

178 1366 197 1395 4
217 1350 404 1389 militibus
433 1351 600 1390 auditus
662 1353 914 1402 Responsum
945 1359 1002 1390 est
1031 1352 1081 1390 ab
1110 1353 1229 1390 altera
1255 1360 1363 1401 parte
1384 1354 1430 1390 A.
1454 1354 1547 1390 Var-

216 1429 353 1454 ronem
379 1416 549 1466 profiteri
572 1429 613 1455 se
636 1418 755 1455 altera
776 1416 840 1455 die
860 1417 911 1455 ad
932 1416 1173 1466 colloquium
1199 1416 1406 1455 venturum
1427 1424 1546 1467 atque

216 1494 294 1518 una
325 1480 497 1518 visurum
523 1494 641 1530 quem
675 1482 726 1519 ad
761 1482 925 1519 modum
958 1488 1042 1519 tuto
1069 1480 1183 1531 legati
1214 1480 1344 1519 venire
1376 1489 1414 1519 et
1444 1495 1544 1531 quae

215 1546 359 1583 vellent
379 1558 574 1595 exponere
596 1553 755 1595 possent
771 1560 780 1593 3
811 1553 1040 1595 certumque
1070 1545 1102 1584 ei
1135 1545 1187 1584 rei
1218 1553 1374 1596 tempus
1404 1547 1545 1584 consti-

178 1627 194 1657 5
215 1610 342 1648 tuitur.
404 1611 496 1658 Quo
516 1623 607 1648 cum
625 1618 725 1648 esset
742 1617 898 1660 postero
915 1610 979 1649 die
995 1618 1166 1657 ventum,
1187 1623 1328 1660 magna
1348 1611 1544 1661 utrimque

215 1675 426 1713 multitudo
446 1675 630 1713 convenit
652 1688 872 1725 magnaque
893 1683 972 1714 erat
994 1676 1232 1726 exspectatio
1249 1676 1331 1714 eius
1352 1675 1405 1714 rei
1426 1684 1544 1726 atque

177 1748 195 1778 6
215 1739 391 1777 omnium
418 1738 539 1777 animi
566 1739 705 1778 intenti
735 1753 820 1778 esse
843 1741 894 1778 ad
924 1753 1062 1790 pacem
1084 1740 1326 1778 videbantur.
1388 1741 1478 1789 Qua
1499 1754 1545 1778 ex

215 1803 432 1853 frequentia
460 1805 505 1841 T.
530 1804 729 1842 Labienus
760 1804 899 1855 prodit,
924 1805 1132 1843 summissa
1153 1805 1328 1843 oratione
1355 1805 1463 1855 loqui
1493 1807 1544 1843 de
1585 1822 1601 1852 5

180 1878 195 1910 7
215 1882 311 1918 pace
331 1876 449 1918 atque
472 1869 647 1907 altercari
670 1883 760 1907 cum
782 1869 941 1908 Vatinio
963 1870 1108 1920 incipit.
1170 1871 1349 1918 Quorum
1371 1870 1542 1909 mediam

214 1933 431 1972 orationem
453 1933 741 1984 interrumpunt
762 1935 893 1973 subito
914 1935 1089 1984 undique
1111 1936 1186 1973 tela
1212 1935 1385 1973 immissa
1403 1950 1412 1983 3
1443 1948 1542 1985 quae

214 1998 277 2036 ille
316 1999 496 2036 obtectus
534 1998 651 2036 armis
693 1999 860 2037 militum
906 1999 1038 2037 vitavit
1056 2014 1065 2047 3
1112 2001 1363 2037 vulnerantur
1410 2007 1542 2038 tamen

214 2064 444 2113 complureS,
461 2062 500 2100 in
517 2063 576 2101 his
594 2063 800 2102 Cornelius
823 2064 978 2110 Balbus,
1000 2065 1055 2102 M.
1081 2064 1240 2111 Plotius,
1265 2065 1307 2102 L.
1327 2063 1539 2111 Tiburtius,

259 2177 275 2205 7
304 2167 396 2197 Inter
412 2166 475 2199 D':
504 2167 550 2197 Ut
570 2167 658 2197 inter
673 2169 696 2202 β
865 2168 885 2197 8
910 2172 1039 2198 tantum
1057 2167 1113 2198 a'el.
1134 2166 1252 2198 Dinler
1427 2168 1542 2207 Apsus

1143 2219 1173 2235 OS

213 2243 344 2275 Aldus:
371 2245 405 2273 th
427 2249 453 2278 (t
472 2244 511 2275 Li
532 2254 633 2283 apsus
650 2242 687 2273 X
824 2254 860 2282 13
885 2245 968 2275 duos
985 2243 1111 2276 D'LV:
1140 2254 1184 2274 ·n-
1202 2244 1246 2276 F:
1273 2245 1336 2274 duo
1358 2244 1436 2276 UT:
1462 2255 1540 2276 suos

213 2287 359 2317 Brutus:
394 2292 464 2317 tuto
494 2288 625 2317 Vossius
761 2297 797 2325 15
823 2298 896 2318 cum
923 2288 954 2317 id
979 2289 1020 2322 B:
1053 2292 1089 2318 ut
1107 2288 1139 2318 id
1156 2286 1201 2317 D‘
1336 2289 1375 2318 16
1399 2293 1450 2318 est
1473 2289 1537 2319 cod.

213 2331 339 2360 Norm'c.
355 2341 361 2360 ε
393 2341 456 2361 om.
484 2329 521 2359 X
682 2340 723 2361 ρο
747 2331 892 2361 visurum
910 2341 1008 2370 quem
1026 2331 1211 2371 Elberlt'ng:
1242 2332 1293 2361 vis
1311 2336 1490 2370 utrumque
1507 2330 1544 2361 Χ

214 2383 254 2411 25
279 2374 468 2414 summissa]
496 2375 553 2404 sed
581 2374 681 2404 missa
713 2374 859 2413 Terpstm
1059 2375 1147 2413 loqui
1174 2375 1215 2404 de
1239 2385 1321 2413 pace
1343 2380 1443 2413 atque
1460 2374 1537 2409 ΕΒ.-

215 2418 256 2446 de
275 2427 356 2455 pace
374 2417 405 2446 E

1570 849 1608 871 10

1570 1172 1606 1204 15

1566 1498 1606 1519 20
