1705 2729
425 135 498 170 DE
531 134 710 172 BELLO
739 133 949 172 AFRICO
981 134 1151 171 LIBER

124 244 219 294 quid
238 250 415 294 peterent
434 252 682 294 praeceperat
701 257 841 293 neque,
864 250 906 282 ut
926 257 1035 282 more
1055 243 1177 295 ipsius
1198 247 1444 284 consuetudo

123 308 385 359 superioribus
414 309 656 359 temporibus
676 310 810 356 fuerat,
831 309 994 347 tabellas
1021 309 1191 359 signatas
1221 311 1441 358 dediderat,

122 380 165 411 ut
184 372 223 410 in
244 380 419 422 ternpore
443 372 503 412 his
530 372 710 423 perlectis
729 375 861 411 locum
885 380 1035 411 certum
1062 381 1241 422 peterent
1260 375 1439 413 universi.

123 438 243 485 Quod
260 436 420 475 minime
437 438 644 476 Caesarem
661 439 847 476 fefellerat
861 451 871 485 3
901 451 993 475 nam
1007 450 1137 487 neque
1150 440 1274 477 ullum
1288 447 1443 489 portum
1466 450 1482 480 5

86 512 102 542 5
121 508 243 539 terrae
263 500 417 539 Africae
444 515 523 551 quo
553 503 694 540 classes
725 502 975 540 decurrerent
1009 514 1079 551 pro
1109 510 1216 540 certo
1246 510 1373 540 tutum
1393 503 1444 540 ab

121 565 293 603 hostium
326 565 520 615 praesidio
553 567 635 604 sore
667 565 947 615 suspicabatur,
979 567 1049 604 sed
1080 566 1240 604 fortuito
1272 567 1443 605 oblatam

120 629 368 668 occasionem
389 643 563 679 egressus
582 630 859 679 aucupabatur.

174 695 218 732 L.
251 695 418 732 Plancus
448 693 601 731 interim
626 695 774 743 legatus
798 693 895 743 petit
923 707 946 732 a
976 695 1144 733 Caesare
1164 694 1220 733 uti
1241 695 1315 733 sibi
1336 696 1443 734 daret
1463 702 1488 738 4

120 765 353 808 potestatem
381 771 472 796 cum
503 758 694 797 Considio
723 758 877 808 agendi,
909 758 940 796 si
974 767 1107 808 posset
1136 759 1267 809 aliqua
1295 760 1443 797 ratione

66 839 102 860 10
119 822 280 872 perduci
309 823 359 860 ad
389 822 604 860 sanitatem.
676 824 815 872 Itaque
846 823 938 861 data
961 824 1146 861 facultate
1178 823 1322 861 litteras
1354 837 1443 861 con-
1466 834 1480 854 2

119 887 252 925 scribit
272 894 310 925 et
330 900 394 925 eas
415 886 570 936 captivo
591 888 657 925 dat
677 888 928 937 perferendas
948 887 988 925 in
1010 888 1202 937 oppidum
1231 889 1282 926 ad
1308 888 1444 927 Consi-

119 951 238 989 dium.
285 952 378 1000 Quo
391 950 506 989 simul
521 958 640 1001 atque
655 951 830 1001 captivus
846 965 937 990 cum
953 952 1192 1001 pervenisset
1205 952 1440 1002 litterasque,
1464 970 1481 999 3

118 1023 162 1054 ut
181 1023 261 1054 erat
280 1017 521 1062 mandatum,
545 1015 736 1055 Considio
755 1016 949 1066 porrigere
970 1016 1174 1067 coepisset,
1198 1017 1302 1067 prius
1323 1031 1441 1066 quam

117 1080 311 1130 acciperet
353 1080 429 1127 ille,
471 1082 639 1128 ‘Unde,'
677 1080 815 1131 inquit,
860 1081 1023 1119 ‘istas?'
1097 1084 1202 1120 Tum
1241 1082 1440 1132 captivus:

61 1161 98 1193 15
122 1146 387 1194 ‘Imperatore
428 1157 452 1182 a
499 1146 690 1184 Caesare!
765 1146 869 1183 Tum
909 1145 1133 1192 Considius,
1178 1147 1315 1185 ‘Unus
1359 1148 1441 1193 est‚'
1460 1164 1481 1194 4

118 1208 254 1258 inquit,
298 1208 451 1258 ‘Scipio
480 1208 691 1259 imperator
724 1210 801 1248 hoc
836 1217 1013 1260 tempore
1047 1210 1184 1260 populi
1221 1210 1442 1258 Romani’3

117 1273 262 1312 deinde
295 1272 336 1311 in
368 1282 584 1324 conspectu
618 1287 690 1313 suo
728 1274 858 1313 statim
893 1274 1091 1325 captivum
1130 1274 1295 1313 interfici
1333 1275 1441 1314 iubet

117 1337 340 1388 litterasque
387 1338 566 1377 nondum
604 1339 805 1388 perlectas,
846 1338 946 1378 sicut
994 1346 1103 1378 erant
1150 1339 1333 1390 signatae,
1374 1342 1440 1379 dat

116 1402 267 1440 homini
290 1409 397 1440 certo
424 1403 475 1442 ad
505 1402 729 1452 Scipionem
756 1405 1016 1454 perferendas.

58 1483 98 1505 20
170 1468 385 1517 Postquam
405 1481 483 1506 una
503 1475 620 1506 nocte
639 1476 678 1506 et
697 1468 762 1507 die
781 1470 832 1507 ad
848 1469 1039 1519 oppidum
1056 1477 1292 1520 consumpta
1311 1483 1440 1520 neque
1460 1480 1484 1520 5

115 1544 346 1581 responsum
376 1533 500 1570 ullum
531 1546 554 1570 a
588 1532 779 1572 Considio
817 1534 993 1581 dabatur,
1027 1548 1157 1584 neque
1196 1535 1231 1573 ei
1270 1535 1440 1585 reliquae

115 1595 252 1645 copiae
284 1596 563 1634 succurrebant
589 1610 719 1647 neque
742 1597 918 1648 equitatu
947 1599 1177 1637 abundabat
1198 1606 1235 1637 et
1255 1600 1307 1638 ad
1333 1600 1441 1649 oppi-

114 1660 209 1698 dum
248 1662 559 1711 oppugnandum
593 1675 673 1700 non
714 1662 805 1700 satis
845 1662 1047 1712 copiarum
1088 1663 1260 1702 habebat
1298 1670 1337 1702 et
1374 1677 1439 1703 eas

113 1723 284 1762 tironum
305 1738 434 1775 neque
459 1725 586 1775 primo
608 1727 780 1764 adventu
804 1726 1074 1765 convulnerari
1101 1728 1312 1766 exercitum
1339 1731 1440 1768 vole-

56 1805 70 1827 2
77 1805 93 1836 5
114 1788 190 1835 bat,
213 1795 251 1827 et
271 1788 407 1839 oppidi
434 1789 586 1839 egregia
606 1790 772 1829 munitio
800 1798 837 1829 et
867 1790 1034 1829 difficilis
1054 1793 1106 1831 ad
1126 1794 1437 1842 oppugnandum

113 1860 193 1890 erat
216 1866 401 1891 ascensus
426 1861 464 1892 et
491 1854 745 1893 nuntiabatur
767 1855 909 1894 auxilia
937 1869 1079 1906 magna
1105 1856 1300 1906 equitatus
1331 1858 1439 1908 oppi-

112 1916 224 1955 danis
245 1917 442 1968 suppetias
466 1918 608 1966 venire,
630 1932 711 1957 non
732 1927 789 1958 est
810 1919 891 1958 visa
920 1920 1022 1959 ratio·
1045 1922 1097 1959 ad
1126 1923 1436 1971 oppugnandum

111 1981 302 2031 oppidum
323 1983 606 2031 commorandi,
630 1997 690 2031 ne,
713 1985 808 2023 dum
830 1984 870 2022 in
897 1998 943 2023 ea
969 1999 1009 2024 re
1029 1993 1087 2024 est
1109 1987 1253 2026 Caesar
1273 1999 1437 2037 occupa-

111 2053 182 2093 tus,
206 2046 494 2086 circumventus
514 2061 537 2087 a
564 2056 671 2099 tergo
696 2049 747 2087 ab
771 2049 946 2100 equitatu
971 2050 1144 2089 hostiurn
1166 2051 1367 2090 laboraret.

53 2127 93 2158 30
166 2112 304 2161 Itaque
328 2120 452 2151 castra
477 2126 568 2151 cum
596 2127 753 2153 movere
772 2116 899 2162 vellet,
922 2115 1052 2154 subito
1073 2129 1119 2154 ex
1140 2115 1288 2166 oppido
1309 2116 1433 2165 erupit
1455 2121 1482 2157 6

111 2176 321 2215 multitudo
351 2185 470 2227 atque
503 2178 698 2228 equitatus
733 2179 910 2218 subsidio
944 2194 1024 2218 uno
1051 2188 1228 2231 tempore
1257 2181 1311 2219 eis
1341 2194 1433 2219 casu

156 2283 169 2303 1
189 2274 283 2314 quid]
302 2284 401 2313 quem
418 2274 605 2315 Stephanus
693 2287 713 2306 2
730 2277 922 2316 dediderat]
941 2278 1080 2308 dederat
1097 2276 1138 2306 L'
1230 2288 1266 2317 15
1286 2278 1431 2317 Impera-

109 2321 183 2346 tore
204 2317 384 2347 Bartln'us:
410 2318 510 2348 immo
527 2317 565 2348 X
685 2330 721 2358 17
747 2320 857 2351 statim
881 2330 946 2351 om.
966 2319 1016 2350 D'
1106 2332 1147 2351 20
1172 2324 1206 2351 et
1223 2321 1276 2351 die
1294 2332 1356 2352 om.
1383 2320 1432 2351 V:

109 2359 166 2390 del.
182 2359 358 2390 Schneider
441 2363 483 2391 26
499 2372 661 2393 ascensus
672 2361 750 2392 D'L
763 2374 770 2393 τ
795 2373 953 2393 accessus
967 2367 1030 2394 cett.
1123 2364 1363 2394 nuntiabantur
1376 2363 1439 2393 LF

109 2403 150 2432 28
175 2407 226 2434 est
242 2403 370 2434 Caesar
386 2404 438 2434 D:
465 2405 591 2436 Caesar
606 2410 657 2436 est
674 2406 766 2436 ET':
792 2407 919 2437 Caesar
936 2412 1026 2437 esset
1043 2405 1083 2435 L'
