1705 2729
361 153 434 190 DE
465 153 644 190 BELLO
675 152 1091 190 ALEXANDRINO
1122 153 1292 190 LIBER

161 271 283 302 castra
305 264 475 309 haberet,
499 262 692 301 seditione
721 264 821 300 facta
846 262 1140 300 centurionibus
1169 262 1318 312 aliquot
1345 263 1483 301 occisis

159 327 226 377 qui
253 327 361 377 signa
387 328 469 365 tolli
498 341 578 365 non
608 327 864 377 patiebantur,
888 327 1111 365 discessisse
1137 334 1174 365 et
1197 329 1249 365 ad
1269 329 1483 366 secundam

159 391 352 440 legionem
373 392 632 438 contendisse,
649 405 749 441 quae
769 392 820 429 ad
840 393 980 430 fretum
1000 391 1076 430 alio
1097 391 1233 429 itinere
1253 392 1479 429 ducebatur.

159 455 326 504 Cognita
364 470 403 494 re
442 464 561 494 noctu
599 470 690 494 cum
728 470 751 493 v
789 456 1015 494 cohortibus
1057 455 1481 494 unetvicesimanorum
1504 473 1517 492 2

120 528 137 558 5
157 520 359 569 egreditur,
383 534 497 559 mane
518 520 692 570 pervenit
714 524 869 561 †noctu
883 525 916 561 †.
976 520 1037 558 Ibi
1064 533 1154 558 eum
1184 520 1300 566 diem,
1324 528 1366 558 ut
1387 520 1482 570 quid

157 592 332 633 ageretur
361 585 605 634 perspiceret,
640 592 812 624 moratus
847 586 1085 623 Carmonem
1114 584 1327 623 contendit.
1389 585 1478 631 Hic,
1503 601 1520 631 3

157 662 246 686 cum
277 648 377 698 legio
403 661 502 687 xxx.
526 657 564 688 et
588 662 674 687 XXI.
697 658 736 688 et
763 651 942 688 cohortes
965 662 1026 687 1111
1054 663 1100 688 ex
1125 662 1159 686 v.
1183 649 1336 699 legione
1363 657 1482 688 totus-

156 726 233 762 que
262 713 508 751 convenisset
539 713 745 763 equitatus,
777 714 886 752 audit
917 726 978 751 1111
1014 713 1185 752 cohortis
1213 727 1235 751 a
1265 713 1480 751 vernaculis

156 790 359 827 oppressas
392 779 443 815 ad
475 778 697 816 Obuculam
727 792 817 816 cum
847 778 906 815 his
935 779 986 816 ad
1015 779 1229 816 secundam
1258 778 1480 828 pervenisse

100 854 138 876 10
156 842 349 891 legionem
366 842 573 892 omnisque
587 842 638 881 ibi
658 856 698 881 se
714 843 962 881 coniunxisse
979 850 1017 881 et
1032 845 1077 880 T.
1088 842 1280 881 Thorium
1302 842 1480 881 Italicen-

155 919 236 944 sem
254 907 392 944 ducem
409 907 609 956 delegisse.
643 907 828 946 Celeriter
844 907 978 946 habito
994 907 1158 946 consilio
1174 909 1229 944 M.
1247 908 1478 946 Marcellum
1499 924 1519 953 4

154 978 399 1020 quaestorem
417 972 656 1017 Cordubam,
676 978 717 1009 ut
731 985 817 1010 eam
834 971 873 1009 in
894 979 1087 1021 potestate
1108 971 1298 1017 retineret,
1320 972 1367 1019 Q.
1389 972 1480 1010 Cas-

153 1035 252 1073 sium
283 1037 452 1084 legatum
484 1035 680 1085 Hispalim
720 1035 848 1073 mittit.
910 1035 1047 1073 Paucis
1078 1035 1113 1073 ei
1147 1035 1286 1073 diebus
1324 1036 1480 1073 affertur
1500 1051 1516 1082 5

153 1107 391 1137 conventum
410 1100 709 1138 Cordubensem
731 1100 781 1137 ab
802 1113 849 1138 eo
869 1099 1059 1138 defecisse
1081 1101 1392 1149 Marcellumque
1413 1107 1479 1137 aut

98 1176 132 1208 ¹5
153 1166 353 1202 voluntate
381 1172 448 1202 aut
477 1164 709 1203 necessitate
735 1165 1178 1214 adductum-namque
1199 1164 1239 1202 id
1259 1165 1362 1203 varie
1383 1179 1479 1202 nun-

152 1229 617 1267 tiabatur—consentire
652 1242 741 1266 cum
778 1229 1129 1275 Cordubensibus;
1169 1230 1266 1267 duas
1306 1229 1477 1268 cohortis

152 1293 313 1343 legionis
334 1306 382 1339 v.,
402 1307 502 1343 quae
523 1295 673 1331 fuerant
696 1294 907 1332 Cordubae
928 1293 967 1331 in
988 1293 1192 1343 praesidio,
1212 1293 1316 1331 idem
1338 1295 1474 1332 facere.

152 1357 308 1396 Cassius
344 1357 403 1395 his
442 1359 556 1395 rebus
595 1357 778 1395 incensus
817 1365 947 1396 movet
986 1365 1109 1396 castra
1147 1365 1184 1395 et
1222 1365 1378 1407 postero
1413 1358 1516 1396 dies>

151 1421 354 1472 Segoviam
374 1422 425 1459 ad
446 1423 593 1460 flumen
614 1421 845 1471 Singiliense
872 1422 987 1460 venit.
1049 1422 1109 1460 Ibi
1137 1421 1270 1460 habita
1291 1422 1476 1460 contione

93 1502 130 1522 20
150 1485 316 1523 militum
355 1493 520 1535 temptat
560 1485 740 1534 animos3
788 1499 887 1536 quos
932 1486 1133 1537 cognoscit
1179 1499 1259 1524 non
1299 1499 1366 1524 sua
1407 1488 1476 1525 sed

151 1549 326 1589 Caesaris
346 1550 518 1588 absentis
540 1563 657 1588 causa
677 1550 751 1589 sibi
772 1551 982 1589 fidissimos
1012 1564 1096 1589 esse
1121 1552 1351 1600 nullumque
1381 1551 1475 1600 peri-

148 1617 280 1653 culum
311 1615 598 1664 deprecaturos,
631 1616 726 1654 dum
761 1629 829 1665 per
859 1629 926 1654 eos
958 1615 1113 1655 Caesari
1144 1615 1342 1666 provincia
1372 1615 1476 1653 resti-

148 1687 328 1718 tueretur.

203 1744 365 1783 Interim
395 1744 565 1783 Thorius
594 1745 645 1783 ad
677 1745 904 1784 Cordubam
934 1752 1082 1783 veteres
1114 1744 1286 1794 legiones
1315 1745 1475 1783 adducit
1494 1743 1544 1791 58

91 1825 128 1858 25
148 1822 203 1855 ac,
227 1823 276 1847 ne
297 1808 550 1847 dissensionis
577 1808 730 1846 initium
761 1816 895 1847 natum
926 1809 1110 1847 seditiosa
1139 1809 1305 1847 militum
1327 1822 1475 1858 suaque

148 1881 285 1912 natura
308 1873 512 1919 videretur,
544 1874 658 1911 simul
686 1881 727 1912 ut
754 1881 889 1912 contra
916 1875 964 1922 Q.
990 1874 1179 1920 Cassium,
1203 1874 1270 1924 qui
1298 1874 1474 1913 Caesaris

148 1938 308 1976 nomine
342 1937 554 1976 maioribus
589 1938 733 1976 viribus
767 1938 823 1976 uti
862 1938 1076 1985 videbatur,
1112 1951 1236 1988 aeque
1270 1946 1471 1988 potentem

147 2009 362 2051 opponeret
383 2001 623 2052 dignitatem,
644 2003 715 2041 Cn.
741 2002 931 2052 Pompeio
948 2016 987 2040 se
1004 2002 1243 2052 provinciam
1261 2003 1473 2052 reciperare

147 2067 243 2104 velle
264 2067 392 2116 palam
422 2066 635 2105 dictitabat.
697 2068 745 2104 Et
775 2066 935 2104 forsitan
965 2066 1082 2104 etiam
1114 2068 1189 2105 hoc
1218 2067 1349 2105 fecerit
1379 2068 1472 2106 odio
1495 2080 1509 2100 2

189 2172 209 2200 3
234 2162 462 2193 deducebatur
492 2163 526 2192 T‘
667 2175 686 2202 4
712 2164 1077 2194 unetvicesimanorum
1104 2164 1256 2204 Lipsius:
1295 2165 1472 2195 undevice-

145 2204 399 2236 simanorumX
482 2215 501 2244 5
527 2211 626 2237 noctu
639 2206 692 2237 X:
719 2207 848 2237 0111.E:
877 2208 1024 2237 Naevam
1039 2207 1214 2238 Schneider
1293 2210 1313 2237 6
1338 2208 1472 2238 Carmo-

147 2259 224 2278 nem
241 2248 437 2290 Nipperdey:
464 2249 652 2280 Carbonem
670 2249 708 2279 X
818 2261 857 2280 10
882 2250 1049 2290 legionem
1070 2262 1134 2282 om.
1154 2253 1176 2284 β
1245 2251 1282 2282 T.
1312 2251 1473 2280 Thorium

145 2292 237 2323 edd.:
266 2292 303 2324 T.
324 2293 459 2322 Toriurn
477 2293 535 2323 D':
564 2294 721 2323 intorium
746 2295 768 2327 β
905 2304 939 2324 11
969 2294 1011 2325 M.
1040 2293 1236 2324 Marcellum
1262 2302 1472 2333 quaestorem

145 2335 418 2366 Forclzhanmzer:
446 2336 707 2375 Marcellumque
730 2336 767 2365 X
900 2347 936 2375 15
961 2338 1142 2367 adductum
1171 2337 1390 2378 Oudendorp:
1417 2339 1470 2367 ab·

147 2379 282 2409 ductum
300 2377 337 2408 X
411 2389 554 2418 namque
571 2390 637 2410 om.
658 2379 702 2409 D'
810 2390 847 2419 19
873 2380 1055 2420 Segoniam
1078 2381 1107 2410 T
1172 2381 1378 2419 Singiliense
1396 2381 1472 2420 Ny»-

142 2421 273 2462 perdey:
301 2422 479 2452 Siciliense
497 2423 533 2452 X
619 2433 658 2460 24
683 2423 828 2453 Thorius
846 2422 883 2452 X
948 2428 1096 2453 veterem
1115 2423 1215 2453 D'T':
1244 2430 1421 2453 veteranas
1438 2428 1457 2452 λ
