1705 2729
459 117 532 153 DE
564 115 742 153 BELLO
773 115 948 153 CIVILI
981 115 1081 150 LIB.
1116 115 1180 150 III

164 234 202 264 et
239 238 326 275 spes
360 224 541 262 victoriae
578 231 739 273 augetur
775 224 876 260 adeo
915 230 955 260 ut
994 221 1186 271 quidquid
1224 222 1480 260 intercederet

164 288 358 338 temporis,
398 288 437 326 id
476 287 615 325 morari
653 286 819 325 reditum
858 286 897 323 in
938 286 1090 324 Italiam
1129 286 1322 324 videretur
1360 294 1407 333 et,
1450 287 1480 325 si

162 353 321 401 quando
353 350 447 401 quid
479 350 688 401 Pompeius
727 350 872 389 tardius
909 358 976 388 aut
1010 350 1290 389 consideratius
1324 353 1476 398 faceret,

163 415 276 453 unius
310 429 394 454 esse
425 415 624 465 negotium
659 414 736 453 diei
774 416 843 452 sed
878 414 986 452 illum
1018 415 1201 453 delectari
1240 415 1403 465 imperio
1442 425 1479 454 et

123 491 140 522 5
161 479 372 517 consularis
392 478 683 529 praetoriosque
712 491 908 517 servorum
939 479 1082 517 habere
1108 492 1271 517 numero
1292 479 1475 518 dicerent.

163 545 326 593 Iamque
352 543 451 581 inter
476 556 517 581 se
543 544 671 592 palam
698 544 748 581 de
777 542 957 592 praemiis
986 555 1031 580 ac
1058 544 1107 580 de
1134 543 1359 582 sacerdotiis
1390 557 1479 582 con·
1500 560 1517 590 3

160 607 374 645 tendebant
403 607 441 644 in
471 620 674 656 annosque
703 607 949 644 consulatum
977 606 1228 653 definiebant,
1250 607 1314 645 alii
1338 609 1478 647 domos

159 671 341 720 bonaque
380 684 513 708 eorum
552 670 619 720 qui
657 670 696 708 in
735 670 867 708 castris
906 678 1015 708 erant
1054 670 1229 710 Caesaris
1268 673 1479 720 petebant,-

159 749 376 785 magnaque
397 735 495 773 inter
514 748 581 774 eos
603 735 642 772 in
663 735 827 774 consilio
849 735 918 773 fuit
941 735 1211 782 controversia,
1230 744 1477 786 oporteretne
1497 752 1515 782 4

103 811 141 833 10
159 799 283 837 Lucili
311 798 426 845 Hirri,
459 801 567 849 quod
597 799 627 837 is
656 813 679 838 a
704 799 894 850 Pompeio
922 801 973 838 ad
1002 801 1164 838 Parthos
1194 799 1333 838 missus
1363 809 1474 847 esset,

158 863 341 914 proximis
371 863 537 901 comitiis
568 864 767 914 praetoriis
797 864 969 902 absentis
998 864 1188 902 rationem
1219 864 1362 911 haberi,
1386 878 1476 903 cum

158 927 240 966 eius
269 927 475 965 necessarii
505 929 623 966 fidem
653 928 905 978 implorarent
926 927 1100 977 Pompei,
1130 936 1339 978 praestaret
1369 931 1477 979 quod

158 990 418 1040 proficiscenti
451 991 659 1041 recepisset
690 994 739 1029 ne
774 1004 842 1041 per
872 991 954 1030 eius
985 991 1255 1030 auctoritatem
1288 993 1476 1043 deceptus

158 1054 362 1101 videretur,
385 1054 522 1104 reliqui
546 1055 584 1093 in
611 1056 744 1094 labore
768 1055 850 1105 pari
876 1069 922 1094 ac
948 1055 1121 1105 periculo
1150 1070 1200 1095 ne
1226 1070 1326 1095 unus
1348 1057 1476 1096 omnis

101 1129 138 1162 15
157 1119 405 1157 antecederet
425 1127 655 1158 recusarent.

213 1184 297 1221 Iam
318 1184 367 1222 de
391 1184 609 1223 sacerdotio
630 1185 806 1224 Caesaris
829 1185 1038 1232 Domitius,
1061 1185 1193 1235 Scipio
1214 1186 1476 1237 Spintherque
1497 1190 1548 1236 83

159 1248 346 1286 Lentulus
367 1248 572 1287 cotidianis
593 1250 913 1289 contentionibus
934 1251 984 1288 ad
1004 1250 1248 1300 gravissimas
1268 1252 1475 1291 verborum

157 1312 412 1351 contumelias
459 1314 587 1362 palam
635 1315 935 1361 descenderunt,
975 1327 1066 1353 cum
1105 1316 1296 1354 Lentulus
1340 1316 1476 1355 aetatis

157 1377 346 1415 honorem
385 1384 605 1424 ostentaret,
649 1378 847 1417 Domitius
886 1380 1075 1417 urbanam
1113 1379 1275 1429 gratiam
1314 1380 1477 1430 dignita-

99 1451 138 1474 20
157 1447 315 1490 temque
344 1440 512 1488 iactaret,
535 1442 666 1492 Scipio
695 1443 897 1482 adfinitate
924 1443 1089 1494 Pompei
1119 1445 1344 1483 confideret.
1405 1447 1476 1484 Po·
1497 1458 1512 1479 2

157 1504 310 1543 stulavit
347 1505 464 1544 etiam
499 1508 540 1544 L.
574 1506 777 1545 Afranium
815 1507 1048 1557 proditionis
1090 1507 1278 1546 exercitus
1311 1509 1475 1547 Acutius

158 1570 284 1608 Rufus
313 1572 418 1620 apud
444 1571 688 1621 Pompeium,
711 1573 818 1621 quod
848 1580 1000 1622 gestum
1031 1572 1070 1610 in
1093 1573 1288 1622 Hispania
1316 1573 1472 1612 diceret.

158 1635 209 1672 Et
229 1636 271 1672 L.
297 1635 493 1674 Domitius
513 1635 552 1673 in
577 1635 741 1674 consilio
768 1636 863 1674 dixit
887 1638 1040 1686 placere
1067 1636 1140 1675 sibi
1170 1637 1274 1675 bello
1295 1638 1476 1676 confecto
1497 1648 1514 1678 3

158 1705 284 1736 ternas
315 1700 475 1738 tabellas
508 1700 591 1738 dari
620 1701 670 1739 ad
704 1700 959 1739 iudicandum
989 1700 1044 1739 eis
1074 1701 1140 1751 qui
1170 1701 1317 1740 ordinis
1346 1709 1476 1740 essent

99 1777 136 1809 ²5
158 1763 339 1802 senatorii
369 1764 550 1814 belloque
580 1778 658 1803 una
690 1779 779 1803 cum
818 1764 911 1815 ipsis
945 1764 1218 1812 interfuissent,
1251 1765 1477 1804 sententias-

157 1842 234 1879 que
266 1829 317 1868 de
349 1828 509 1878 singulis
547 1830 698 1876 ferrent,
731 1829 798 1879 qui
833 1831 986 1867 Romae
1020 1829 1297 1868 remansissent
1330 1829 1476 1879 quique

114 1920 120 1926 ·
156 1893 256 1931 intra
275 1893 466 1944 praesidia
485 1893 653 1944 Pompei·
676 1894 838 1933 fuissent
868 1907 996 1944 neque
1021 1907 1180 1945 operam
1201 1894 1241 1932 in
1262 1908 1301 1933 re
1322 1894 1475 1933 militari

156 1957 460 2008 praestitissent:
500 1971 618 1996 unam
656 1959 738 1997 fore
776 1959 971 2005 tabellam,
1004 1958 1072 2008 qui
1111 1958 1335 1998 liberandos
1367 1959 1475 1997 omni

155 2021 327 2071 periculo
356 2030 569 2069 censerent,
591 2023 762 2069 alteram,
788 2022 855 2073 qui
880 2022 1016 2072 capitis
1043 2024 1285 2070 damnarent,
1310 2022 1471 2069 tertiam,

97 2098 138 2128 30
156 2085 223 2135 qui
242 2085 407 2135 pecunia
428 2087 644 2125 multarent.
704 2089 908 2125 Postremo
935 2100 1073 2125 omnes
1099 2094 1166 2125 aut
1187 2088 1237 2126 de
1258 2086 1474 2125 honoribus
1493 2099 1512 2128 4

155 2149 233 2188 suis
248 2157 314 2188 aut
335 2151 384 2188 de
403 2150 583 2199 praemiis
603 2150 793 2200 pecuniae
812 2158 880 2189 aut
899 2153 949 2190 de
965 2151 1245 2201 persequendis
1263 2150 1473 2189 inimicitiis

197 2254 218 2283 6
242 2252 414 2293 praemiis]
434 2253 582 2293 imperiis
598 2253 703 2285 Paul:
731 2254 909 2293 provinciis
926 2254 1073 2294 Kmffert
1222 2265 1238 2293 7
1263 2254 1333 2294 alii]
1353 2254 1473 2293 aliique

398 2307 435 2327 10
461 2297 565 2327 Lucili
592 2297 686 2327 Hirri
710 2297 908 2338 Nipperdey:
949 2297 1029 2327 Luci
1056 2297 1152 2328 Hirri
1175 2299 1218 2331 B:
1262 2297 1411 2328 Lurriehi
1428 2296 1473 2326 D

156 2339 312 2379 Parthos]
329 2340 443 2370 arthos
460 2340 500 2370 L
508 2340 537 2371 T
658 2350 693 2370 21
721 2340 884 2389 Acutius]
900 2340 1018 2370 Actius
1034 2340 1074 2369 L'
1193 2342 1245 2376 28,
1263 2350 1316 2379 29,
1334 2350 1375 2378 30
1398 2340 1470 2380 qui]

153 2391 237 2419 quos
254 2381 369 2423 Menge
455 2393 494 2420 31
522 2383 702 2414 inimicitiis
719 2385 761 2417 β·
756 2406 761 2413 .
794 2383 937 2414 inimicis
953 2383 997 2413 D
