1705 2729
428 164 501 200 DE
534 164 714 201 BELLO
744 164 953 202 AFRICO
986 165 1155 201 LIBER

185 273 315 323 Scipio
346 272 498 310 interim
523 285 612 310 cum
640 272 883 321 Damasippo
907 280 945 310 et
965 275 1166 322 Torquato
1195 281 1231 311 et
1260 275 1453 313 Plaetorio
1474 276 1530 323 96

132 338 325 376 Rustiano
349 336 513 375 navibus
533 336 658 386 longis
679 336 747 374 diu
768 338 1014 386 multumque
1034 337 1174 384 iactati,
1198 351 1288 376 cum
1312 339 1454 388 Hispa-

130 402 234 440 niam
255 408 440 451 peterent,
464 402 514 439 ad
537 401 768 450 Hipponem
793 400 940 451 regium
967 402 1202 449 deferuntur,
1226 402 1294 440 ubi
1322 403 1453 441 classis

130 468 170 504 P.
195 465 280 504 Sitti
310 465 350 504 id
380 464 565 514 temporis
595 473 685 503 erat.
743 467 780 502 A
804 479 881 514 qua
907 465 1090 515 pauciora
1119 467 1169 504 ab
1199 468 1453 517 amplioribus
1475 488 1490 508 2

90 546 108 577 5
128 529 393 568 circumventa
426 529 578 578 navigia
611 528 891 578 deprimuntur,
924 528 1058 579 ibique
1093 530 1225 579 Scipio
1256 544 1346 569 cum
1380 532 1453 570 illis

128 607 226 644 quos
247 595 364 643 paulo
384 601 475 631 ante
496 593 695 631 nominavi
716 593 868 631 interiit.

181 660 326 697 Caesar
367 657 520 695 interim
559 659 702 695 Zamae
743 657 925 696 auctione
968 659 1071 709 regia
1115 661 1216 698 facta
1259 660 1454 710 bonisque
1474 666 1525 705 97

128 736 262 761 eorum
278 721 445 760 venditis
467 721 533 771 qui
554 722 656 759 cives
673 722 843 759 Romani
865 730 1000 760 contra
1020 726 1210 773 populum
1227 726 1453 763 Romanum

126 800 233 825 arma
262 788 428 824 tulerant
458 785 718 835 praemiisque
748 786 1015 834 Zamensibus,
1040 788 1107 837 qui
1133 789 1183 827 de
1212 802 1301 839 rege
1330 792 1455 827 exclu-

71 868 108 889 10
126 851 260 889 dendo
298 849 505 888 consilium
545 858 738 899 ceperant,
778 850 929 888 tributis
970 851 1303 902 vectigalibusque
1342 854 1453 903 regiis

126 915 299 965 irrogatis
329 928 375 953 ex
403 927 602 964 regnoque
631 914 830 963 provincia
858 917 958 954 facta
985 924 1102 965 atque
1126 916 1180 954 ibi
1205 918 1248 955 C.
1273 918 1454 956 Sallustio

127 992 196 1029 pro
216 980 377 1017 consule
398 992 486 1016 curn
509 978 672 1027 imperio
695 979 828 1017 relicto
850 979 932 1028 ipse
953 981 1071 1018 Zama
1099 994 1272 1030 egressus
1295 982 1453 1021 Uticam

127 1057 167 1082 se
194 1043 348 1092 recepit.
410 1043 471 1081 Ibi
492 1043 605 1081 bonis
628 1043 794 1081 venditis
821 1057 955 1082 eorum
981 1044 1047 1094 qui
1072 1045 1144 1083 sub
1167 1046 1266 1084 Iuba
1288 1047 1455 1085 Petreio·
1477 1065 1490 1085 2

127 1121 203 1156 que
224 1107 380 1145 ordines
401 1108 600 1154 duxerant,
628 1108 878 1158 Thapsitanis
903 1110 972 1147 HS
995 1121 1062 1155 xx,
1088 1110 1297 1148 conventui
1318 1124 1453 1149 eorum

71 1184 106 1214 15
130 1172 199 1208 HS
249 1183 350 1218 xxx,
400 1171 572 1220 itemque
624 1172 923 1210 Hadrumetinis
976 1175 1045 1211 HS
1094 1186 1193 1220 xxx,
1244 1176 1454 1213 conventui

127 1249 260 1273 eorum
294 1236 363 1273 HS
399 1247 422 1272 L
455 1237 599 1273 multae
635 1235 795 1274 nomine
831 1236 1021 1285 imponit,
1062 1237 1235 1276 civitates
1271 1239 1454 1288 bonaque

127 1313 260 1339 eorum
295 1300 345 1338 ab
379 1299 487 1337 omni
522 1299 659 1338 iniuria
696 1300 917 1350 rapinisque
953 1301 1139 1340 defendit.
1212 1302 1450 1352 Leptitanos,
1475 1317 1492 1347 3

127 1377 293 1414 quorum
332 1363 594 1413 superioribus
633 1364 745 1401 annis
785 1365 890 1402 bona
928 1366 1029 1403 Iuba
1067 1365 1287 1415 diripuerat,
1330 1375 1367 1405 et
1405 1368 1454 1405 ad

128 1435 305 1466 senatum
327 1427 453 1477 questi
477 1441 545 1477 per
569 1429 716 1477 legatos
742 1435 860 1477 atque
881 1428 1032 1467 arbitris
1053 1442 1075 1467 a
1096 1437 1232 1467 senatu
1259 1430 1359 1468 datis
1387 1444 1454 1468 sua

71 1508 109 1529 20
128 1500 362 1542 receperant,
383 1504 470 1529 xxx
493 1492 669 1530 centenis
693 1492 849 1531 milibus
872 1494 1008 1543 pondo
1029 1493 1104 1531 olei
1125 1493 1164 1531 in
1185 1507 1310 1533 annos
1330 1494 1456 1544 singu-

128 1559 185 1595 los
220 1558 366 1603 multat,
401 1556 491 1594 ideo
526 1558 633 1606 quod
670 1556 780 1594 initio
813 1570 881 1607 per
914 1557 1199 1596 dissensionem
1235 1558 1454 1608 principum

128 1621 355 1659 societatem
394 1634 484 1659 cum
526 1622 625 1659 Iuba
670 1621 834 1659 inierant
879 1635 1049 1671 eumque
1087 1622 1213 1669 armis,
1256 1622 1453 1669 militibus,

128 1685 294 1735 pecunia
323 1685 507 1723 iuverant.
569 1685 852 1734 Thysdritanos
888 1692 1045 1735 propter
1076 1686 1334 1724 humilitatem
1369 1687 1494 1732 civi-4

129 1749 217 1787 tatis
247 1757 352 1787 certo
382 1762 545 1787 numero
577 1750 759 1788 frumenti
791 1751 938 1788 multat.

72 1822 110 1852 25
185 1813 260 1851 His
290 1815 405 1852 rebus
434 1814 550 1864 gestis
583 1814 719 1853 Idibus
752 1816 836 1852 Iun.
862 1814 1003 1853 Uticae
1033 1816 1196 1852 classem
1226 1815 1457 1853 conscendit
1478 1810 1533 1857 98

130 1886 167 1916 et
201 1886 289 1928 post
322 1878 427 1917 diem
462 1879 617 1917 tertium
650 1879 797 1919 Caralis
832 1879 871 1916 in
904 1879 1121 1917 Sardiniam
1149 1879 1334 1928 pervenit.
1395 1879 1456 1918 Ibi
1480 1895 1493 1914 2

130 1942 359 1990 Sulcitanos,
383 1945 491 1993 quod
522 1944 729 1982 Nasidium
760 1944 922 1994 eiusque
952 1945 1115 1982 classem
1143 1951 1367 1993 receperant
1397 1958 1459 1982 co-

79 2020 81 2023 ’
130 2008 281 2057 piisque
297 2007 482 2054 iuverant,
500 2010 570 2047 HS
584 2020 606 2046 C
624 2010 761 2047 multat
777 2017 814 2047 et
830 2022 900 2058 pro
916 2008 1093 2047 decumis
1110 2016 1266 2046 octavas
1287 2010 1458 2058 pendere

175 2126 193 2153 4
219 2116 251 2145 id
270 2115 431 2154 temporis
454 2113 628 2154 lVoelfflin:
665 2115 698 2146 id
715 2120 847 2155 tempus
865 2116 960 2146 DT':
999 2118 1040 2147 ad
1060 2117 1092 2147 id
1118 2122 1248 2155 ternpus
1266 2114 1306 2144 L'
1439 2123 1457 2151 5

132 2168 206 2188 cum
231 2157 297 2189 illis
323 2169 407 2197 quos
433 2158 588 2188 Knehler:
626 2169 699 2189 cum
728 2159 792 2189 illis
816 2170 900 2198 quas
926 2159 975 2190 V:
1011 2170 1084 2190 cum
1107 2170 1192 2199 quos
1215 2163 1278 2189 cell.
1420 2167 1454 2186 ΙΙ

133 2202 289 2239 irrogatis
306 2201 366 2231 A²6
381 2213 387 2232 :
413 2202 534 2240 togatis
551 2200 589 2230 X
783 2203 825 2232 ibi
845 2203 882 2234 C.
902 2203 1058 2233 Kar-Mer:
1089 2203 1165 2242 ibiq.
1188 2202 1247 2233 L':
1276 2202 1384 2240 ibique
1402 2199 1436 2228 D
1453 2211 1458 2229 :

132 2244 176 2274 ibi
210 2244 244 2274 T‘
378 2255 414 2283 14
441 2245 518 2285 HS]
550 2245 610 2275 SH
639 2246 753 2285 ubique
777 2245 865 2275 codd.
894 2250 1014 2286 excepto
1043 2245 1074 2274 V
1088 2247 1146 2286 qui⁴
1169 2251 1248 2276 sunt
1274 2243 1461 2284 hiipraebet

133 2297 180 2317 xx
206 2286 269 2318 L':
302 2298 371 2318 xxx
403 2288 439 2318 T‘
656 2299 693 2327 15
718 2288 864 2327 itemque
902 2294 974 2328 post
1015 2290 1180 2320 duxerant
1219 2290 1336 2319 liabent
1370 2285 1456 2317 codd.

133 2334 252 2369 excepto
285 2332 320 2360 δς
368 2335 443 2371 post
482 2341 550 2361 xxx
593 2333 793 2372 transposuit
822 2331 1001 2371 Nt'pperdqv
1175 2343 1213 2372 19
1249 2333 1382 2363 arbitris
1421 2331 1457 2359 δί

133 2373 275 2403 arbitros
302 2372 338 2402 X
562 2375 647 2404 datis
674 2377 712 2406 δε
737 2376 832 2405 datos
858 2375 895 2404 X
1058 2386 1100 2404 20
1125 2376 1237 2414 pondo
1270 2375 1456 2415 mandorp:

134 2417 293 2454 ponderis
309 2416 346 2446 X

1314 2461 1371 2490 17*
