1705 2729
364 130 436 165 DE
469 127 648 165 BELLO
678 126 1093 164 ALEXANDRINO
1126 126 1295 162 LIBER

166 246 255 277 ante
267 237 536 276 A.Gabinium
551 250 640 275 cum
654 236 822 275 exercitu
839 235 956 273 fuisse
970 236 1008 273 in
1026 238 1206 285 Aegypto
1221 250 1230 282 3
1254 236 1485 285 Pompeium

165 316 206 341 se
226 316 271 340 ex
292 303 380 351 fuga
400 302 541 340 eodem
571 300 762 350 recepisse
776 315 786 347 3
816 301 1024 339 Caesarem
1053 300 1205 338 venisse
1232 313 1322 337 cum
1350 300 1483 349 copiis,

164 380 292 416 neque
319 374 441 404 morte
463 365 626 415 Pompei
647 365 858 414 quicquam
879 366 1097 414 profectum
1119 377 1198 413 quo
1223 364 1354 401 minus
1380 365 1485 413 apud

165 444 210 469 se·
219 432 362 469 Caesar
377 437 691 468 commoraretur.
753 430 883 477 Quem
900 428 931 466 si
952 443 1033 467 non
1049 428 1297 478 expulissent,
1317 430 1483 465 futuram
1503 442 1523 472 4.

128 511 145 541 5
165 509 210 534 ex
225 508 343 544 regno
359 494 599 544 provinciam
616 508 627 541 3
656 494 775 543 idque
791 494 987 543 agendum
1004 501 1153 531 mature
1171 509 1177 531 :
1208 506 1378 541 namque
1395 506 1484 530 eum

164 559 414 597 interclusum
461 558 756 608 tempestatibus
795 565 952 607 propter
990 557 1083 595 anni
1122 565 1277 607 tempus
1317 556 1485 606 recipere

164 623 418 662 transmarina
445 623 585 661 auxilia
611 637 691 661 non
719 635 844 673 posse.

218 687 379 725 Interim
421 687 664 725 dissensione
703 694 786 725 orta
824 686 924 725 inter
961 686 1155 732 Achillan,
1197 686 1263 736 qui
1303 693 1529 729 veterano4

164 753 346 792 exercitui
380 760 562 803 praeerat,
595 760 633 791 et
667 753 873 799 Arsinoen,
909 752 1008 802 regis
1043 751 1260 790 Ptolomaei
1295 751 1486 788 minorem

109 832 146 853 10
165 817 293 863 filiam,
331 824 373 855 ut
407 831 522 867 supra
556 818 867 855 demonstratum
901 824 968 862 est,
1002 830 1092 854 cum
1132 823 1295 865 uterque
1335 815 1486 864 utrique

164 881 409 920 insidiaretur
439 889 476 919 et
506 895 699 919 summam
734 881 871 931 imperi
905 881 988 931 ipse
1019 880 1196 919 obtinere
1226 881 1350 925 vellet,
1384 893 1487 929 prae—

163 954 329 995 occupat
368 945 534 984 Arsinoe
582 959 650 995 per
688 946 947 994 Ganymeden
996 946 1234 989 eunuchum,
1277 944 1485 982 nutricium

163 1024 288 1057 suum,
311 1018 428 1060 atque
450 1010 631 1048 Achillan
653 1010 843 1048 interficit.
906 1012 997 1048 Hoc
1019 1009 1150 1047 occiso
1171 1009 1254 1046 sine
1276 1010 1355 1046 ullo
1380 1008 1487 1046 socio
1508 1024 1522 1045 2

163 1082 201 1112 et
221 1075 384 1113 custode
409 1074 492 1124 ipsa
513 1088 629 1112 omne
657 1074 863 1124 imperium
891 1074 1119 1120 obtinebat;
1149 1073 1338 1111 exercitus
1361 1074 1487 1122 Gany-

108 1149 142 1180 15
163 1138 268 1177 medi
303 1139 473 1176 traditur.
535 1140 573 1176 Is
608 1146 790 1188 suscepto
820 1138 949 1177 officio
979 1138 1222 1187 largitionem
1253 1137 1291 1174 in
1324 1137 1485 1175 militem

163 1210 276 1253 auget
295 1217 304 1250 ,-
334 1202 481 1252 reliqua
505 1202 585 1253 pari
611 1203 811 1253 diligentia
839 1203 1094 1241 administrat.

217 1268 461 1306 Alexandrea
505 1275 562 1305 est
607 1269 685 1306 sere
730 1275 812 1306 tota
849 1269 1013 1306 suffossa
1051 1280 1270 1317 specusque
1309 1268 1427 1305 habet
1466 1273 1529 1309 35

163 1331 256 1370 Nilo
277 1332 515 1382 pertinentis,
535 1332 677 1382 quibus
707 1346 809 1382 aqua
838 1332 877 1369 in
908 1332 1074 1382 privatas
1105 1333 1245 1370 domos
1276 1331 1483 1375 inducitur,

163 1410 263 1447 quae
293 1396 478 1447 paulatim
509 1396 635 1447 spatio
664 1396 850 1446 temporis
880 1396 1060 1446 liquescit
1086 1410 1131 1434 ac
1159 1396 1335 1434 subsidit.
1397 1398 1486 1433 Hac
1509 1409 1523 1429 2

106 1473 145 1494 20
163 1461 218 1499 uti
243 1461 393 1500 domini
421 1461 689 1500 aedificiorum
717 1470 834 1511 atque
862 1474 997 1499 eorum
1025 1460 1194 1498 familiae
1222 1469 1486 1499 consuerunt:

162 1539 253 1564 nam
283 1540 383 1576 quae
410 1526 571 1564 flumine
602 1526 695 1565 Nilo
722 1527 840 1564 fertur
868 1527 969 1564 adeo
999 1532 1056 1563 est
1086 1525 1225 1563 limosa
1257 1539 1302 1563 ac
1332 1525 1488 1563 turbida

161 1598 203 1629 ut
224 1593 367 1630 multos
383 1591 588 1640 variosque
609 1591 768 1629 morbos
789 1590 953 1638 efficiat3
984 1590 1053 1628 sed
1074 1603 1119 1627 ea
1139 1590 1274 1639 plebes
1295 1603 1339 1627 ac
1362 1590 1487 1627 multi-

161 1657 257 1694 tudo
278 1663 464 1694 contenta
484 1663 541 1694 est
561 1654 791 1701 necessario,
811 1655 919 1704 quod
939 1655 1026 1692 fons
1048 1655 1144 1692 urbe
1166 1661 1247 1691 tota
1267 1655 1395 1692 nullus
1416 1661 1483 1692 est.

163 1722 254 1759 Hoc
282 1728 413 1759 tamen
443 1721 590 1759 flumen
618 1721 657 1757 in
685 1734 731 1758 ea
757 1727 864 1769 parte
892 1726 971 1757 erat
998 1718 1104 1756 urbis
1125 1731 1225 1767 quae
1252 1719 1302 1756 ab
1322 1719 1486 1756 Alexan-

105 1798 139 1828 25
160 1785 281 1824 drinis
321 1786 534 1824 tenebatur.
601 1786 693 1833 Quo
732 1785 835 1822 facto
874 1791 930 1821 est
970 1782 1195 1820 admonitus
1236 1784 1523 1832 Ganymedes3

160 1864 275 1901 posse
305 1858 457 1889 nostros
488 1863 589 1900 aqua
620 1849 826 1888 intercludi
844 1863 854 1895 ,-
888 1847 955 1897 qui
990 1847 1186 1885 distributi
1221 1847 1485 1885 munitionum

160 1916 393 1954 tuendarum
425 1928 541 1953 causa
562 1915 718 1954 vicatim
744 1928 789 1952 ex
816 1912 973 1963 privatis
1003 1911 1191 1950 aedificiis
1219 1913 1414 1962 specubus
1441 1926 1486 1950 ac

161 1980 286 2029 puteis
308 1988 478 2019 extracta
497 1994 599 2030 aqua
620 1981 838 2019 utebantur.

216 2046 307 2083 Hoc
328 2046 493 2095 probato
515 2045 679 2084 consilio
702 2057 886 2094 magnum
904 2057 948 2082 ac
966 2043 1122 2081 difficile
1139 2055 1238 2092 opus
1254 2042 1483 2092 aggreditur.
1505 2045 1532 2082 6

102 2108 413 2159 301ntersaeptis
444 2109 548 2147 enim
580 2111 776 2159 specubus
806 2116 923 2158 atque
958 2107 1142 2146 omnibus
1178 2107 1283 2145 urbis
1313 2107 1486 2156 partibus

161 2173 325 2212 exclusis
355 2187 455 2223 quae
485 2175 534 2212 ab
565 2173 650 2224 ipso
680 2174 924 2218 tenebantur,
956 2186 1081 2222 aquae
1116 2185 1298 2222 magnam
1328 2171 1406 2209 vim
1441 2185 1487 2209 ex

206 2319 218 2339 1
246 2314 324 2340 ante
341 2310 380 2341 Α.
396 2310 576 2341 Gabinium
591 2311 785 2342 Schneider:
810 2316 889 2342 ante
902 2310 1022 2350 agabin
1040 2310 1084 2340 V:
1111 2315 1190 2341 ante
1209 2285 1417 2340 aGabinium
1441 2308 1485 2339 T:

160 2357 260 2383 antea
278 2353 456 2384 Gabinium
475 2353 563 2384 D‘L‘
670 2364 708 2393 13
733 2355 904 2385 interfecit
922 2354 987 2384 LT
1090 2363 1125 2392 15
1152 2353 1277 2383 milites
1294 2353 1334 2383 L¹
1448 2353 1486 2382 16

156 2399 231 2434 pos!
247 2401 346 2434 auget
365 2396 437 2427 add.
459 2402 491 2427 et
513 2397 594 2427 U'T‘
732 2408 766 2436 17
793 2408 811 2427 a
831 2397 908 2427 Nilo
930 2397 1019 2427 DT':
1047 2398 1087 2427 ad
1108 2397 1220 2427 Nilum
1237 2396 1309 2426 EL'
