1705 2729
496 106 570 142 DE
604 105 783 142 BELLO
814 105 990 142 CIVILI
1025 105 1126 141 LIB.
1161 106 1178 141 I

174 217 369 268 prohiberi
397 230 508 266 aqua,
536 215 731 266 prohiberi
761 215 944 265 ingressu,
974 228 1102 264 neque
1132 228 1294 264 corpore
1321 217 1497 253 dolorem

172 296 301 332 neque
338 281 471 320 animo
509 280 763 330 ignominiam
803 281 899 318 ferre
936 292 1062 329 posse.
1123 281 1263 329 Itaque
1302 293 1342 318 se
1376 280 1498 318 victos
1519 292 1534 320 5

172 345 347 384 confiteri
365 360 375 393 3
404 358 512 383 orare
538 352 656 394 atque
684 344 898 389 obsecrare,
921 343 952 381 si
979 342 1046 392 qui
1071 344 1181 381 locus
1211 343 1498 382 misericordiae

172 409 418 458 relinquatur,
455 422 505 446 ne
538 409 588 446 ad
627 408 808 446 ultimum
847 407 1081 457 supplicium
1120 408 1300 458 progredi
1338 421 1499 446 necesse

134 478 149 508 5
171 474 323 512 habeat.
384 474 497 511 Haec
531 486 649 522 quam
673 479 802 522 potest
832 471 1111 510 demississime
1145 480 1184 511 et
1215 472 1500 510 subiectissime

173 537 341 587 exponit.

226 603 291 639 Ad
323 615 369 639 ea
403 602 546 640 Caesar
580 600 804 650 respondit:
845 600 942 638 nulli
975 600 1152 638 omnium
1187 602 1257 638 has
1291 600 1408 650 partis
1440 602 1499 638 vel
1520 605 1570 652 85

173 665 440 715 querimoniae
469 666 529 703 vel
558 664 816 703 miserationis
846 664 975 702 minus
1008 664 1248 702 convenisse.
1310 664 1499 713 Reliquos
1523 681 1537 700 2

173 729 277 768 enirn
306 729 433 767 omnis
460 729 631 767 officium
662 742 776 766 suum
805 728 1065 778 praestitisse:
1098 742 1143 774 se,
1167 728 1233 777 qui
1258 728 1374 766 etiam
1396 729 1502 766 bona

116 809 156 830 10
173 793 407 832 condicione
428 801 466 832 et
489 795 577 832 loco
604 801 642 831 et
668 801 843 842 tempore
869 806 997 841 aequo
1024 792 1232 842 confligere
1259 792 1435 839 noluerit,
1459 800 1501 830 ut

173 871 290 907 quam
312 857 557 907 integerrima
577 865 707 896 essent
726 858 776 895 ad
796 870 934 907 pacem
955 856 1087 895 omnia
1102 871 1112 903 ,·
1141 856 1351 895 exercitum
1373 870 1497 902 suum,

173 922 239 971 qui
274 921 412 960 iniuria
446 921 562 960 etiam
600 928 762 971 accepta
796 920 953 970 suisque
986 920 1197 958 interfectis
1229 934 1327 970 quos
1358 920 1397 958 in
1432 934 1501 958 sua

173 993 366 1035 potestate
404 985 582 1024 habuerit
621 985 856 1024 conservarit
894 992 932 1023 et
971 984 1136 1031 texerit3
1183 984 1284 1022 illius
1329 984 1500 1034 denique

174 1050 362 1089 exercitus
394 1050 545 1096 milites,
580 1050 647 1100 qui
677 1063 745 1100 per
778 1062 819 1088 se
852 1050 903 1087 de
936 1048 1183 1087 concilianda
1214 1062 1310 1098 pace
1341 1049 1497 1098 egerint,

115 1131 152 1161 15
174 1127 251 1164 qua
269 1114 309 1152 in
330 1128 369 1152 re
390 1114 567 1152 omnium
589 1127 747 1152 suorum
768 1112 868 1151 vitae
889 1114 1176 1151 consulendum
1197 1112 1378 1162 putarint.
1438 1113 1500 1151 Sic
1523 1129 1539 1158 3

173 1177 350 1216 omniurn
384 1178 567 1216 ordinum
602 1177 720 1227 partis
759 1177 798 1214 in
834 1176 1098 1215 misericordia
1132 1176 1363 1223 constitisse,
1397 1177 1501 1227 ipsos

172 1244 293 1281 duces
326 1256 349 1280 a
381 1255 478 1292 pace
511 1241 783 1289 abhorruisse3
821 1255 888 1280 eos
923 1254 1051 1291 neque
1082 1241 1255 1291 colloqui
1288 1255 1417 1291 neque
1448 1241 1503 1279 in-

172 1306 367 1346 dutiarum
399 1306 481 1344 iura
513 1319 683 1345 servasse
722 1314 760 1345 et
798 1305 979 1345 homines
1017 1306 1218 1355 imperitos
1257 1314 1295 1344 et
1328 1320 1396 1356 per
1427 1308 1503 1345 col-

173 1371 350 1420 loquium
370 1372 558 1420 deceptos
579 1369 847 1409 crudelissime
868 1370 1117 1409 interfecisse.
1164 1370 1367 1409 Accidisse
1388 1371 1501 1421 igitur
1520 1387 1538 1415 4

116 1453 154 1474 20
173 1435 243 1482 his,
284 1436 393 1484 quod
431 1437 662 1485 plerumque
700 1435 928 1473 hominibus
970 1434 1090 1473 nimia
1134 1435 1345 1485 pertinacia
1383 1443 1500 1484 atque

173 1499 388 1549 arrogantia
407 1499 584 1538 accidere
606 1500 738 1545 soleat,
761 1499 817 1536 uti
838 1512 885 1537 eo
912 1506 1108 1537 recurrant
1128 1507 1165 1538 et
1186 1499 1226 1537 id
1247 1499 1499 1549 cupidissime

172 1570 307 1613 petant
338 1565 445 1613 quod
479 1565 596 1613 paulo
627 1571 718 1602 ante
756 1562 1073 1613 contempserint.
1143 1565 1284 1612 Neque
1323 1577 1428 1601 nunc
1459 1577 1500 1601 se
1520 1577 1536 1607 5

173 1627 326 1665 illorum
371 1628 589 1666 humilitate
637 1641 766 1678 neque
810 1627 940 1677 aliqua
983 1627 1168 1677 temporis
1210 1628 1501 1678 opportunitate

174 1693 369 1740 postulare
396 1692 538 1742 quibus
565 1692 680 1731 rebus
710 1705 805 1742 opes
831 1698 1045 1741 augeantur
1071 1705 1163 1730 suae
1178 1706 1187 1739 3
1216 1693 1285 1730 sed
1312 1705 1379 1730 eos
1400 1706 1502 1731 exer-

117 1769 153 1800 ²5
174 1755 283 1801 citus,
325 1768 424 1805 quos
462 1763 598 1794 contra
636 1770 676 1795 se
715 1757 860 1794 multos
902 1755 978 1793 iam
1023 1769 1147 1794 annos
1185 1755 1360 1802 aluerint,
1401 1758 1500 1794 velle

173 1820 327 1858 dimitti.
387 1822 528 1870 Neque
557 1820 662 1859 enim
693 1832 732 1857 Vl
763 1820 936 1869 legiones
965 1820 1040 1858 alia
1068 1821 1118 1859 de
1147 1833 1265 1858 causa
1293 1820 1429 1858 missas
1459 1821 1498 1858 in
1519 1829 1538 1859 6

174 1884 409 1934 Hispaniam
436 1885 722 1935 septimamque
746 1884 800 1923 ibi
826 1884 1087 1935 conscriptam
1115 1898 1244 1934 neque
1273 1892 1330 1924 tot
1359 1893 1500 1924 tantas-

172 1961 250 1997 que
287 1948 420 1987 classis
457 1956 609 1998 paratas
648 1962 777 1998 neque
815 1949 1044 1987 summissos
1078 1950 1200 1988 duces
1238 1949 1291 1988 rei
1325 1949 1499 1987 militaris

172 2012 326 2061 peritos.
396 2012 505 2051 Nihil
543 2014 682 2052 horum
721 2014 772 2051 ad
810 2014 1007 2063 pacandas
1048 2013 1272 2063 Hispanias,
1313 2013 1409 2051 nihil
1448 2015 1498 2051 ad
1520 2028 1536 2060 7

114 2090 153 2121 30
172 2089 285 2114 usum
306 2076 528 2126 provinciae
551 2077 748 2127 provisum
773 2090 874 2127 quae
900 2084 1057 2127 propter
1076 2077 1371 2116 diuturnitatem
1393 2077 1499 2127 pacis

172 2141 323 2178 nullum
344 2141 529 2179 auxilium
550 2141 788 2180 desiderarit.
848 2141 994 2180 Omnia
1013 2143 1111 2180 haec
1138 2141 1214 2180 iam
1236 2141 1387 2192 pridem
1409 2155 1499 2200 conj
1518 2153 1535 2182 S

216 2252 235 2282 5
260 2243 380 2273 habeat
395 2242 484 2273 D'L‘
497 2255 503 2273 :
528 2244 671 2274 habeant
694 2244 730 2274 T'
860 2254 882 2282 9
905 2254 942 2274 se
959 2243 1034 2274 add.
1053 2244 1164 2275 Aldus
1290 2255 1329 2275 10
1352 2244 1497 2275 noluerit

172 2285 226 2315 D:
252 2286 420 2317 noluerint
435 2290 457 2321 β
568 2297 611 2317 20
635 2287 826 2318 hominibus
843 2286 907 2317 D':
932 2288 1103 2317 hominurn
1120 2289 1142 2321 β
1266 2298 1302 2317 21
1330 2288 1436 2318 soleat
1452 2290 1475 2322 β
1490 2299 1497 2317 ;

173 2329 257 2359 solet
280 2328 325 2358 D'
434 2339 476 2368 23
500 2330 685 2361 humilitate
701 2329 832 2360 Aldus:
864 2330 1071 2361 humanitate
1088 2330 1125 2360 X
1233 2342 1274 2370 29
1298 2332 1417 2361 horum
1436 2331 1498 2360 L‘:

174 2381 312 2410 quorum
329 2371 373 2401 D‘
381 2372 416 2403 T‘
