1705 2729
614 135 849 173 INCERTI
883 133 1164 173 AVCTORIS

223 259 314 284 suos
343 247 393 284 ad
424 259 543 283 unum
573 245 611 283 in
636 253 759 283 castra
789 245 997 283 incolumis
1024 244 1163 282 sauciis
1191 256 1217 281 x
1246 244 1354 282 factis
1384 243 1545 281 reduxit.

184 313 204 342 6
225 309 422 348 Labienus
447 310 597 348 circiter
624 321 698 348 CCC
727 309 890 355 amissis,
921 309 1051 347 multis
1081 308 1289 347 vulneratis
1313 322 1359 346 ac
1385 306 1548 346 defessis

188 385 202 394 .-

189 398 198 417 l

159 637 201 676 71

223 373 406 413 instando
445 373 628 412 omnibus
673 375 723 412 ad
768 387 858 411 suos
902 388 942 411 se
990 372 1144 422 recepit.
1216 371 1347 421 Scipio
1394 371 1546 409 interim

222 437 394 488 legiones
415 439 624 488 productas
646 452 735 476 cum
757 438 986 487 elephantis,
1009 451 1108 487 quos
1134 444 1224 474 ante
1249 443 1372 473 castra
1395 435 1434 473 in
1463 435 1547 474 acie

222 502 374 541 terroris
394 502 514 553 gratia
538 502 577 540 in
602 510 817 553 conspectu
843 501 1020 542 Caesaris
1045 502 1312 546 collocaverat,
1336 499 1487 538 reducit
1507 499 1547 538 in
1566 513 1584 545 5

221 575 354 605 castra.

275 633 419 671 Caesar
439 639 574 670 contra
601 632 795 671 eiusmodi
823 631 994 669 hostium
1025 644 1167 681 genera
1194 630 1326 680 copias
1352 643 1442 668 suas
1467 642 1546 667 non

220 704 262 735 ut
300 697 508 747 imperator
549 697 759 736 exercitum
799 705 1025 735 veteranum
1064 696 1331 744 victoremque
1370 694 1547 732 maximis

220 762 335 800 rebus
351 762 477 811 gestis,
495 764 564 801 sed
586 770 628 801 ut
649 763 787 800 lanista
804 761 949 800 tirones
965 761 1198 811 gladiatores
1216 761 1522 798 condocefacere
1537 774 1547 807 3

220 834 316 876 quot
354 828 475 877 pedes
510 841 551 865 se
585 827 801 878 reciperent
834 827 884 865 ab
919 828 1031 864 hoste
1066 833 1103 864 ct
1135 839 1253 875 quem
1291 826 1343 863 ad
1382 825 1545 862 modum
1570 840 1607 862 10

219 891 372 930 obversi
401 892 629 930 adversariis
657 899 694 930 et
721 891 759 929 in
793 892 983 941 quantulo
1010 890 1136 939 spatio
1163 889 1395 936 resisterent,
1424 889 1546 927 modo

219 964 489 1007 procurrerent
510 958 631 995 modo
659 957 885 995 recederent
910 955 1321 1004 comminarenturque
1342 953 1543 1004 impetum,

218 1036 264 1060 ac
284 1035 406 1073 prope
428 1035 507 1072 quo
532 1024 620 1060 loco
646 1029 683 1060 et
711 1035 829 1071 quem
851 1022 902 1059 ad
927 1021 1091 1059 modum
1113 1021 1189 1058 tela
1210 1019 1418 1065 mitterent,
1441 1032 1547 1069 prae-

183 1100 196 1120 2
218 1086 357 1136 cipere.
420 1086 586 1124 Mirifice
608 1086 712 1124 enim
734 1085 905 1124 hostium
934 1085 1027 1123 levis
1052 1092 1246 1122 armatura
1264 1083 1421 1121 anxium
1444 1097 1547 1122 exer-

148 1550 198 1589 72

182 2009 194 2023 ‘J

180 2023 196 2038 ,ἱ

179 2071 198 2100 4

217 1151 338 1190 citum
373 1159 550 1190 nostrum
584 1159 703 1201 atque
737 1150 946 1189 sollicitum
982 1151 1164 1196 habebat,
1200 1148 1292 1199 quia
1322 1156 1360 1186 et
1394 1147 1545 1198 equites
1570 1164 1604 1195 ¹5

217 1217 437 1255 deterrebat
465 1216 656 1266 proelium
683 1216 777 1254 inire
804 1223 962 1266 propter
989 1227 1179 1264 equorum
1204 1212 1414 1259 interitum⁷
1437 1213 1546 1262 quod

218 1295 284 1320 eos
312 1281 446 1319 iaculis
475 1281 744 1327 interficiebat,
767 1288 804 1318 et
829 1279 1084 1329 legionarium
1114 1278 1277 1317 militem
1308 1277 1546 1327 defatigabat

218 1353 375 1396 propter
407 1345 677 1384 velocitatem:
720 1344 844 1394 gravis
875 1344 979 1383 enim
1019 1351 1234 1382 armaturae
1279 1342 1389 1380 miles
1429 1341 1545 1380 simul

217 1418 334 1460 atque
355 1411 404 1448 ab
422 1410 476 1448 eis
490 1410 701 1448 insectatus
723 1409 948 1448 constiterat
966 1408 1004 1446 in
1019 1421 1165 1458 eosque
1181 1407 1370 1458 impetum
1389 1407 1543 1454 fecerat,

218 1475 270 1513 illi
291 1475 413 1513 veloci
437 1489 551 1513 cursu
572 1475 788 1526 periculum
810 1474 922 1513 facile
943 1474 1127 1512 vitabant.
1565 1478 1604 1500 ²0

273 1540 428 1590 Quibus
450 1555 496 1579 ex
516 1541 631 1579 rebus
654 1542 797 1579 Caesar
812 1541 1064 1578 vehementer
1084 1538 1409 1577 commovebatur
1422 1537 1542 1587 quod,

218 1605 574 1655 quotienscumque
609 1605 799 1655 proelium
840 1612 919 1643 erat
959 1603 1225 1649 commissum,
1259 1602 1435 1652 equitatu
1473 1615 1545 1640 suo

218 1670 301 1709 sine
331 1670 543 1720 legionario
574 1670 695 1708 milite
725 1669 896 1708 hostium
928 1668 1117 1719 equitatui
1146 1667 1300 1717 levique
1329 1675 1545 1705 armaturae

218 1750 353 1774 eorum
383 1737 491 1774 nullo
521 1737 642 1774 modo
672 1749 740 1785 par
769 1749 852 1773 esse
882 1742 1042 1784 poterat.
1102 1733 1391 1772 Sollicitabatur
1413 1740 1543 1770 autem

218 1800 276 1838 his
298 1801 424 1847 rebus,
459 1802 566 1850 quod
601 1801 779 1838 nondum
812 1799 984 1850 legiones
1019 1798 1191 1837 hostium
1226 1804 1471 1847 cognoverat,
1506 1803 1544 1834 et
1565 1811 1602 1842 25

217 1878 389 1914 quonam
408 1866 528 1903 modo
549 1864 738 1902 sustinere
758 1878 799 1902 se
819 1872 950 1914 posset
970 1864 1021 1901 ab
1041 1877 1174 1901 eorum
1197 1862 1371 1912 equitatu
1392 1860 1545 1910 levique

216 1938 421 1976 armatura,
437 1943 536 1979 quae
558 1937 637 1967 erat
658 1929 830 1975 mirifica,
854 1928 885 1966 si
906 1928 1078 1978 legiones
1099 1941 1257 1977 quoque
1277 1925 1541 1965 accessissent.

218 1994 445 2033 Accedebat
466 1993 582 2032 etiam
604 1995 700 2032 haec
722 2007 848 2040 causa,
868 1994 975 2043 quod
996 1994 1294 2042 elephantorum
1315 1989 1546 2040 magnitudo

218 2059 508 2108 multitudoque
544 2058 696 2096 animos
732 2058 899 2096 militum
934 2057 1135 2096 detinebat
1169 2057 1208 2094 in
1243 2064 1395 2094 terrore.
1469 2053 1544 2093 Cui

264 2175 277 2194 1
306 2169 415 2195 eastra
438 2163 664 2194 Vascosanus:
690 2162 808 2194 castris
824 2160 862 2191 X
984 2172 1003 2191 2
1029 2172 1067 2191 ac
1084 2160 1145 2190 L':
1173 2170 1210 2190 -c-
1228 2159 1326 2190 DT':
1351 2158 1408 2189 del.
1427 2158 1542 2188 Forclz-

217 2209 372 2238 hammer
484 2218 522 2237 10
545 2212 627 2246 quot
644 2206 685 2245 L,
708 2205 888 2245 Woelfflin:
923 2205 1012 2243 quod
1035 2203 1158 2235 DU'T‘
1279 2213 1313 2233 11
1341 2201 1544 2233 adversariis

217 2250 308 2283 edna:
334 2251 545 2282 adversarios
564 2249 602 2280 X
736 2259 775 2280 12
799 2249 1195 2286 communicarenturque
1213 2246 1248 2276 D
1376 2246 1414 2275 18
1437 2254 1542 2275 arma-

218 2300 293 2326 tura
315 2295 351 2325 T‘
486 2305 524 2324 21
551 2294 640 2333 quod
655 2293 956 2332 quotienscumque
970 2291 1138 2331 proelium
1157 2289 1335 2329 lVoelfflt'n:
1361 2289 1541 2328 quodcum-

217 2349 283 2378 que
301 2338 466 2378 proelium
485 2338 644 2376 quotiens
661 2335 699 2366 X
871 2337 912 2366 26
936 2346 972 2366 se
990 2346 1054 2366 om.
1074 2334 1145 2365 DV
1295 2343 1363 2364 non
1381 2336 1496 2372 posset
1516 2329 1547 2360 V

219 2393 258 2421 27
283 2387 470 2413 armaturae
488 2381 522 2410 D
658 2385 752 2411 erant
770 2379 885 2410 DU‘T
