<?xml version="1.0" encoding="UTF-8"?>
<!DOCTYPE html PUBLIC "-//W3C//DTD XHTML 1.0 Transitional//EN"
    "http://www.w3.org/TR/xhtml1/DTD/xhtml1-transitional.dtd">
<html xmlns="http://www.w3.org/1999/xhtml" xml:lang="en" lang="en">
 <head>
  <title>
</title>
<meta http-equiv="Content-Type" content="text/html;charset=utf-8" />
  <meta name='ocr-system' content='tesseract 3.04.00' />
  <meta name='ocr-capabilities' content='ocr_page ocr_carea ocr_par ocr_line ocrx_word'/>
</head>
<body>
  <div class='ocr_page' id='page_1' title='image "./commentariorumpa02caesuoft_0260.png"; bbox 0 0 1705 2729; ppageno 0'>
   <div class='ocr_carea' id='block_1_1' title="bbox 594 148 1140 187">
    <p class='ocr_par' dir='ltr' id='par_1_1' title="bbox 594 148 1140 187">
     <span class='ocr_line' id='line_1_1' title="bbox 594 148 1140 187; baseline 0 -1"><span class='ocrx_word' id='word_1_1' title='bbox 594 149 828 187; x_wconf 85' lang='lat' dir='ltr'><strong>INCERTI</strong></span> <span class='ocrx_word' id='word_1_2' title='bbox 860 148 1140 187; x_wconf 70' lang='lat' dir='ltr'>AVCTORIS</span> 
     </span>
    </p>
   </div>
   <div class='ocr_carea' id='block_1_2' title="bbox 130 258 1528 1796">
    <p class='ocr_par' dir='ltr' id='par_1_2' title="bbox 130 258 1528 1796">
     <span class='ocr_line' id='line_1_2' title="bbox 203 258 1525 312; baseline 0.001 -14"><span class='ocrx_word' id='word_1_3' title='bbox 203 260 423 307; x_wconf 86' lang='lat' dir='ltr'>instructus,</span> <span class='ocrx_word' id='word_1_4' title='bbox 471 258 572 312; x_wconf 63' lang='lat' dir='ltr'>v&#39;111]</span> <span class='ocrx_word' id='word_1_5' title='bbox 617 259 774 298; x_wconf 88' lang='lat' dir='ltr'>milibus</span> <span class='ocrx_word' id='word_1_6' title='bbox 821 273 1005 310; x_wconf 77' lang='lat' dir='ltr'>passuum</span> <span class='ocrx_word' id='word_1_7' title='bbox 1053 260 1104 298; x_wconf 87' lang='lat' dir='ltr'>ab</span> <span class='ocrx_word' id='word_1_8' title='bbox 1152 259 1231 298; x_wconf 87' lang='lat' dir='ltr'>suis</span> <span class='ocrx_word' id='word_1_9' title='bbox 1279 259 1422 307; x_wconf 86' lang='lat' dir='ltr'>castris,</span> <span class='ocrx_word' id='word_1_10' title='bbox 1473 261 1525 299; x_wconf 84' lang='lat' dir='ltr'>ab</span> 
     </span>
     <span class='ocr_line' id='line_1_3' title="bbox 202 324 1525 374; baseline 0 -12"><span class='ocrx_word' id='word_1_11' title='bbox 202 324 395 374; x_wconf 84' lang='lat' dir='ltr'>Scipionis</span> <span class='ocrx_word' id='word_1_12' title='bbox 443 338 534 363; x_wconf 76' lang='lat' dir='ltr'>vero</span> <span class='ocrx_word' id='word_1_13' title='bbox 584 336 610 362; x_wconf 90' lang='lat'>11</span> <span class='ocrx_word' id='word_1_14' title='bbox 663 324 820 362; x_wconf 89' lang='lat' dir='ltr'>milibus</span> <span class='ocrx_word' id='word_1_15' title='bbox 868 337 1051 374; x_wconf 76' lang='lat' dir='ltr'>passuum</span> <span class='ocrx_word' id='word_1_16' title='bbox 1100 326 1216 373; x_wconf 84' lang='lat' dir='ltr'>longe</span> <span class='ocrx_word' id='word_1_17' title='bbox 1263 324 1438 362; x_wconf 88' lang='lat' dir='ltr'>constitit</span> <span class='ocrx_word' id='word_1_18' title='bbox 1486 325 1525 362; x_wconf 90' lang='lat' dir='ltr'>in</span> 
     </span>
     <span class='ocr_line' id='line_1_4' title="bbox 201 402 352 438; baseline -0.007 -11"><span class='ocrx_word' id='word_1_19' title='bbox 201 402 352 438; x_wconf 82' lang='lat' dir='ltr'>campo.</span> 
     </span>
     <span class='ocr_line' id='line_1_5' title="bbox 130 453 1525 503; baseline 0.001 -13"><span class='ocrx_word' id='word_1_20' title='bbox 130 453 181 500; x_wconf 93' lang='lat'>78</span> <span class='ocrx_word' id='word_1_21' title='bbox 256 454 348 490; x_wconf 82' lang='lat' dir='ltr'>Erat</span> <span class='ocrx_word' id='word_1_22' title='bbox 377 453 569 503; x_wconf 90' lang='lat' dir='ltr'>oppidum</span> <span class='ocrx_word' id='word_1_23' title='bbox 600 453 697 492; x_wconf 91' lang='lat' dir='ltr'>infra</span> <span class='ocrx_word' id='word_1_24' title='bbox 726 461 850 492; x_wconf 84' lang='lat' dir='ltr'>castra</span> <span class='ocrx_word' id='word_1_25' title='bbox 880 453 1072 503; x_wconf 82' lang='lat' dir='ltr'>Scipionis</span> <span class='ocrx_word' id='word_1_26' title='bbox 1102 453 1264 492; x_wconf 88' lang='lat' dir='ltr'>nomine</span> <span class='ocrx_word' id='word_1_27' title='bbox 1293 454 1436 503; x_wconf 87' lang='lat' dir='ltr'>Tegea,</span> <span class='ocrx_word' id='word_1_28' title='bbox 1458 453 1525 491; x_wconf 91' lang='lat' dir='ltr'>ubi</span> 
     </span>
     <span class='ocr_line' id='line_1_6' title="bbox 200 517 1527 567; baseline 0.002 -13"><span class='ocrx_word' id='word_1_29' title='bbox 200 517 436 567; x_wconf 75' lang='lat' dir='ltr'>praesidium</span> <span class='ocrx_word' id='word_1_30' title='bbox 465 525 644 567; x_wconf 77' lang='lat' dir='ltr'>equestre</span> <span class='ocrx_word' id='word_1_31' title='bbox 672 518 822 556; x_wconf 81' lang='lat' dir='ltr'>circiter</span> <span class='ocrx_word' id='word_1_32' title='bbox 847 532 874 556; x_wconf 92' lang='lat'>11</span> <span class='ocrx_word' id='word_1_33' title='bbox 904 518 1053 556; x_wconf 85' lang='lat' dir='ltr'>milium</span> <span class='ocrx_word' id='word_1_34' title='bbox 1082 531 1245 556; x_wconf 89' lang='lat' dir='ltr'>numero</span> <span class='ocrx_word' id='word_1_35' title='bbox 1272 519 1416 556; x_wconf 86' lang='lat' dir='ltr'>habere</span> <span class='ocrx_word' id='word_1_36' title='bbox 1437 530 1527 556; x_wconf 85' lang='lat' dir='ltr'>con-</span> 
     </span>
     <span class='ocr_line' id='line_1_7' title="bbox 164 582 1526 632; baseline 0.001 -13"><span class='ocrx_word' id='word_1_37' title='bbox 164 600 177 619; x_wconf 89' lang='lat'><strong>2</strong></span> <span class='ocrx_word' id='word_1_38' title='bbox 200 590 336 619; x_wconf 87' lang='lat' dir='ltr'>suerat.</span> <span class='ocrx_word' id='word_1_39' title='bbox 412 584 472 620; x_wconf 90' lang='lat' dir='ltr'>Eo</span> <span class='ocrx_word' id='word_1_40' title='bbox 510 582 686 632; x_wconf 88' lang='lat' dir='ltr'>equitatu</span> <span class='ocrx_word' id='word_1_41' title='bbox 726 584 859 622; x_wconf 84' lang='lat' dir='ltr'>dextra</span> <span class='ocrx_word' id='word_1_42' title='bbox 899 583 1052 621; x_wconf 84' lang='lat' dir='ltr'>sinistra</span> <span class='ocrx_word' id='word_1_43' title='bbox 1095 585 1254 621; x_wconf 89' lang='lat' dir='ltr'>derecto</span> <span class='ocrx_word' id='word_1_44' title='bbox 1296 584 1347 621; x_wconf 85' lang='lat' dir='ltr'>ab</span> <span class='ocrx_word' id='word_1_45' title='bbox 1390 583 1526 632; x_wconf 88' lang='lat' dir='ltr'>oppidi</span> 
     </span>
     <span class='ocr_line' id='line_1_8' title="bbox 199 646 1526 697; baseline 0.001 -14"><span class='ocrx_word' id='word_1_46' title='bbox 199 646 384 684; x_wconf 84' lang='lat' dir='ltr'>lateribus</span> <span class='ocrx_word' id='word_1_47' title='bbox 422 646 505 696; x_wconf 90' lang='lat' dir='ltr'>ipse</span> <span class='ocrx_word' id='word_1_48' title='bbox 543 647 716 697; x_wconf 82' lang='lat' dir='ltr'>legiones</span> <span class='ocrx_word' id='word_1_49' title='bbox 760 662 805 685; x_wconf 86' lang='lat' dir='ltr'>ex</span> <span class='ocrx_word' id='word_1_50' title='bbox 842 647 975 685; x_wconf 85' lang='lat' dir='ltr'>castris</span> <span class='ocrx_word' id='word_1_51' title='bbox 1014 648 1175 685; x_wconf 85' lang='lat' dir='ltr'>eductas</span> <span class='ocrx_word' id='word_1_52' title='bbox 1209 655 1327 697; x_wconf 88' lang='lat' dir='ltr'>atque</span> <span class='ocrx_word' id='word_1_53' title='bbox 1366 647 1405 684; x_wconf 93' lang='lat' dir='ltr'>in</span> <span class='ocrx_word' id='word_1_54' title='bbox 1435 646 1526 696; x_wconf 84' lang='lat' dir='ltr'>iugo</span> 
     </span>
     <span class='ocr_line' id='line_1_9' title="bbox 200 710 1525 761; baseline 0.002 -14"><span class='ocrx_word' id='word_1_55' title='bbox 200 710 379 748; x_wconf 89' lang='lat' dir='ltr'>inferiore</span> <span class='ocrx_word' id='word_1_56' title='bbox 413 710 620 749; x_wconf 88' lang='lat' dir='ltr'>instructas</span> <span class='ocrx_word' id='word_1_57' title='bbox 655 724 735 749; x_wconf 91' lang='lat' dir='ltr'>non</span> <span class='ocrx_word' id='word_1_58' title='bbox 770 711 922 761; x_wconf 84' lang='lat' dir='ltr'>longius</span> <span class='ocrx_word' id='word_1_59' title='bbox 956 713 1033 749; x_wconf 90' lang='lat' dir='ltr'>fere</span> <span class='ocrx_word' id='word_1_60' title='bbox 1064 711 1168 749; x_wconf 91' lang='lat' dir='ltr'>mille</span> <span class='ocrx_word' id='word_1_61' title='bbox 1201 725 1336 761; x_wconf 77' lang='lat' dir='ltr'>passus</span> <span class='ocrx_word' id='word_1_62' title='bbox 1366 712 1417 749; x_wconf 88' lang='lat' dir='ltr'>ab</span> <span class='ocrx_word' id='word_1_63' title='bbox 1446 710 1525 749; x_wconf 86' lang='lat' dir='ltr'>suis</span> 
     </span>
     <span class='ocr_line' id='line_1_10' title="bbox 164 774 1525 825; baseline 0.001 -13"><span class='ocrx_word' id='word_1_64' title='bbox 164 791 180 820; x_wconf 69' lang='grc' dir='ltr'>ρ,</span> <span class='ocrx_word' id='word_1_65' title='bbox 201 774 484 813; x_wconf 84' lang='lat' dir='ltr'>munitionibus</span> <span class='ocrx_word' id='word_1_66' title='bbox 501 789 726 825; x_wconf 85' lang='lat' dir='ltr'>progressus</span> <span class='ocrx_word' id='word_1_67' title='bbox 741 775 780 813; x_wconf 92' lang='lat' dir='ltr'>in</span> <span class='ocrx_word' id='word_1_68' title='bbox 795 776 878 814; x_wconf 90' lang='lat' dir='ltr'>acie</span> <span class='ocrx_word' id='word_1_69' title='bbox 895 776 1105 814; x_wconf 89' lang='lat' dir='ltr'>constituit.</span> <span class='ocrx_word' id='word_1_70' title='bbox 1149 778 1362 825; x_wconf 86' lang='lat' dir='ltr'>Postquam</span> <span class='ocrx_word' id='word_1_71' title='bbox 1379 775 1525 813; x_wconf 86' lang='lat' dir='ltr'>diutius</span> 
     </span>
     <span class='ocr_line' id='line_1_11' title="bbox 199 839 1526 890; baseline 0.001 -14"><span class='ocrx_word' id='word_1_72' title='bbox 199 839 237 876; x_wconf 88' lang='lat' dir='ltr'>in</span> <span class='ocrx_word' id='word_1_73' title='bbox 270 853 350 878; x_wconf 91' lang='lat' dir='ltr'>uno</span> <span class='ocrx_word' id='word_1_74' title='bbox 382 841 470 878; x_wconf 93' lang='lat' dir='ltr'>loco</span> <span class='ocrx_word' id='word_1_75' title='bbox 501 839 632 890; x_wconf 83' lang='lat' dir='ltr'>Scipio</span> <span class='ocrx_word' id='word_1_76' title='bbox 662 841 979 878; x_wconf 79' lang='lat' dir='ltr'>commorabatur</span> <span class='ocrx_word' id='word_1_77' title='bbox 1011 848 1048 878; x_wconf 90' lang='lat' dir='ltr'>et</span> <span class='ocrx_word' id='word_1_78' title='bbox 1076 848 1230 889; x_wconf 88' lang='lat' dir='ltr'>tempus</span> <span class='ocrx_word' id='word_1_79' title='bbox 1266 840 1343 878; x_wconf 91' lang='lat' dir='ltr'>diei</span> <span class='ocrx_word' id='word_1_80' title='bbox 1376 840 1415 877; x_wconf 90' lang='lat' dir='ltr'>in</span> <span class='ocrx_word' id='word_1_81' title='bbox 1445 840 1526 878; x_wconf 93' lang='lat' dir='ltr'>otio</span> 
     </span>
     <span class='ocr_line' id='line_1_12' title="bbox 199 904 1525 955; baseline 0 -13"><span class='ocrx_word' id='word_1_82' title='bbox 199 905 516 951; x_wconf 81' lang='lat' dir='ltr'>consumebatur,</span> <span class='ocrx_word' id='word_1_83' title='bbox 558 906 702 944; x_wconf 85' lang='lat' dir='ltr'>Caesar</span> <span class='ocrx_word' id='word_1_84' title='bbox 740 905 916 955; x_wconf 89' lang='lat' dir='ltr'>equitum</span> <span class='ocrx_word' id='word_1_85' title='bbox 959 912 1104 943; x_wconf 87' lang='lat' dir='ltr'>turmas</span> <span class='ocrx_word' id='word_1_86' title='bbox 1144 918 1302 943; x_wconf 88' lang='lat' dir='ltr'>suorum</span> <span class='ocrx_word' id='word_1_87' title='bbox 1339 904 1447 943; x_wconf 90' lang='lat' dir='ltr'>iubet</span> <span class='ocrx_word' id='word_1_88' title='bbox 1486 904 1525 942; x_wconf 89' lang='lat' dir='ltr'>in</span> 
     </span>
     <span class='ocr_line' id='line_1_13' title="bbox 200 969 1527 1020; baseline 0 -13"><span class='ocrx_word' id='word_1_89' title='bbox 200 969 371 1007; x_wconf 87' lang='lat' dir='ltr'>hostium</span> <span class='ocrx_word' id='word_1_90' title='bbox 393 969 611 1019; x_wconf 79' lang='lat' dir='ltr'>equitatum</span> <span class='ocrx_word' id='word_1_91' title='bbox 639 969 705 1019; x_wconf 89' lang='lat' dir='ltr'>qui</span> <span class='ocrx_word' id='word_1_92' title='bbox 729 971 780 1008; x_wconf 87' lang='lat' dir='ltr'>ad</span> <span class='ocrx_word' id='word_1_93' title='bbox 801 969 992 1020; x_wconf 89' lang='lat' dir='ltr'>oppidum</span> <span class='ocrx_word' id='word_1_94' title='bbox 1016 969 1054 1007; x_wconf 92' lang='lat' dir='ltr'>in</span> <span class='ocrx_word' id='word_1_95' title='bbox 1083 969 1251 1008; x_wconf 87' lang='lat' dir='ltr'>statione</span> <span class='ocrx_word' id='word_1_96' title='bbox 1271 977 1380 1008; x_wconf 86' lang='lat' dir='ltr'>erant</span> <span class='ocrx_word' id='word_1_97' title='bbox 1400 971 1527 1007; x_wconf 88' lang='lat' dir='ltr'>facere</span> 
     </span>
     <span class='ocr_line' id='line_1_14' title="bbox 200 1032 1527 1084; baseline 0 -13"><span class='ocrx_word' id='word_1_98' title='bbox 200 1032 497 1084; x_wconf 83' lang='lat' dir='ltr'>impressionem</span> <span class='ocrx_word' id='word_1_99' title='bbox 519 1035 725 1083; x_wconf 85' lang='lat' dir='ltr'>levemque</span> <span class='ocrx_word' id='word_1_100' title='bbox 739 1042 984 1080; x_wconf 82' lang='lat' dir='ltr'>armaturam,</span> <span class='ocrx_word' id='word_1_101' title='bbox 1003 1033 1217 1083; x_wconf 80' lang='lat' dir='ltr'>sagittarios</span> <span class='ocrx_word' id='word_1_102' title='bbox 1231 1033 1527 1083; x_wconf 81' lang='lat' dir='ltr'>funditoresque</span> 
     </span>
     <span class='ocr_line' id='line_1_15' title="bbox 162 1097 1527 1148; baseline 0 -13"><span class='ocrx_word' id='word_1_103' title='bbox 162 1099 341 1146; x_wconf 85' lang='lat' dir='ltr'>4eodem</span> <span class='ocrx_word' id='word_1_104' title='bbox 374 1098 592 1136; x_wconf 90' lang='lat' dir='ltr'>summittit.</span> <span class='ocrx_word' id='word_1_105' title='bbox 667 1099 788 1146; x_wconf 84' lang='lat' dir='ltr'>Quod</span> <span class='ocrx_word' id='word_1_106' title='bbox 820 1098 887 1136; x_wconf 88' lang='lat' dir='ltr'>ubi</span> <span class='ocrx_word' id='word_1_107' title='bbox 922 1106 1107 1148; x_wconf 88' lang='lat' dir='ltr'>coeptum</span> <span class='ocrx_word' id='word_1_108' title='bbox 1143 1106 1200 1136; x_wconf 88' lang='lat' dir='ltr'>est</span> <span class='ocrx_word' id='word_1_109' title='bbox 1232 1098 1313 1136; x_wconf 89' lang='lat' dir='ltr'>fieri</span> <span class='ocrx_word' id='word_1_110' title='bbox 1348 1106 1385 1136; x_wconf 92' lang='lat' dir='ltr'>et</span> <span class='ocrx_word' id='word_1_111' title='bbox 1417 1097 1527 1147; x_wconf 88' lang='lat' dir='ltr'>equis</span> 
     </span>
     <span class='ocr_line' id='line_1_16' title="bbox 200 1162 1525 1212; baseline -0.001 -12"><span class='ocrx_word' id='word_1_112' title='bbox 200 1162 404 1200; x_wconf 89' lang='lat' dir='ltr'>concitatis</span> <span class='ocrx_word' id='word_1_113' title='bbox 427 1162 570 1200; x_wconf 88' lang='lat' dir='ltr'>Iuliani</span> <span class='ocrx_word' id='word_1_114' title='bbox 600 1162 791 1212; x_wconf 88' lang='lat' dir='ltr'>impetum</span> <span class='ocrx_word' id='word_1_115' title='bbox 819 1162 1011 1209; x_wconf 84' lang='lat' dir='ltr'>fecissent,</span> <span class='ocrx_word' id='word_1_116' title='bbox 1037 1163 1241 1201; x_wconf 87' lang='lat' dir='ltr'>Pacideius</span> <span class='ocrx_word' id='word_1_117' title='bbox 1262 1175 1353 1200; x_wconf 88' lang='lat' dir='ltr'>suos</span> <span class='ocrx_word' id='word_1_118' title='bbox 1374 1162 1525 1212; x_wconf 86' lang='lat' dir='ltr'>equites</span> 
     </span>
     <span class='ocr_line' id='line_1_17' title="bbox 201 1226 1525 1277; baseline 0 -13"><span class='ocrx_word' id='word_1_119' title='bbox 201 1227 442 1277; x_wconf 80' lang='lat' dir='ltr'>exporrigere</span> <span class='ocrx_word' id='word_1_120' title='bbox 472 1227 602 1277; x_wconf 91' lang='lat' dir='ltr'>coepit</span> <span class='ocrx_word' id='word_1_121' title='bbox 630 1227 668 1264; x_wconf 90' lang='lat' dir='ltr'>in</span> <span class='ocrx_word' id='word_1_122' title='bbox 699 1226 998 1277; x_wconf 85' lang='lat' dir='ltr'>longitudinem,</span> <span class='ocrx_word' id='word_1_123' title='bbox 1023 1235 1063 1265; x_wconf 86' lang='lat' dir='ltr'>ut</span> <span class='ocrx_word' id='word_1_124' title='bbox 1091 1227 1280 1265; x_wconf 88' lang='lat' dir='ltr'>haberent</span> <span class='ocrx_word' id='word_1_125' title='bbox 1301 1228 1525 1265; x_wconf 86' lang='lat' dir='ltr'>facultatem</span> 
     </span>
     <span class='ocr_line' id='line_1_18' title="bbox 201 1292 1527 1331; baseline 0 -2"><span class='ocrx_word' id='word_1_126' title='bbox 201 1299 347 1330; x_wconf 87' lang='lat' dir='ltr'>turmas</span> <span class='ocrx_word' id='word_1_127' title='bbox 391 1292 562 1330; x_wconf 88' lang='lat' dir='ltr'>Iulianas</span> <span class='ocrx_word' id='word_1_128' title='bbox 607 1292 867 1331; x_wconf 88' lang='lat' dir='ltr'>circumfundi</span> <span class='ocrx_word' id='word_1_129' title='bbox 909 1300 945 1330; x_wconf 90' lang='lat' dir='ltr'>et</span> <span class='ocrx_word' id='word_1_130' title='bbox 991 1292 1113 1330; x_wconf 86' lang='lat' dir='ltr'>nihilo</span> <span class='ocrx_word' id='word_1_131' title='bbox 1152 1293 1280 1330; x_wconf 89' lang='lat' dir='ltr'>minus</span> <span class='ocrx_word' id='word_1_132' title='bbox 1319 1292 1527 1330; x_wconf 88' lang='lat' dir='ltr'>fortissime</span> 
     </span>
     <span class='ocr_line' id='line_1_19' title="bbox 162 1356 1523 1407; baseline 0.001 -14"><span class='ocrx_word' id='word_1_133' title='bbox 162 1375 178 1405; x_wconf 80' lang='lat'>5</span> <span class='ocrx_word' id='word_1_134' title='bbox 201 1356 466 1406; x_wconf 86' lang='lat' dir='ltr'>acerrimeque</span> <span class='ocrx_word' id='word_1_135' title='bbox 488 1370 670 1407; x_wconf 87' lang='lat' dir='ltr'>pugnare.</span> <span class='ocrx_word' id='word_1_136' title='bbox 734 1358 855 1405; x_wconf 86' lang='lat' dir='ltr'>Quod</span> <span class='ocrx_word' id='word_1_137' title='bbox 876 1357 942 1395; x_wconf 89' lang='lat' dir='ltr'>ubi</span> <span class='ocrx_word' id='word_1_138' title='bbox 965 1358 1109 1396; x_wconf 87' lang='lat' dir='ltr'>Caesar</span> <span class='ocrx_word' id='word_1_139' title='bbox 1132 1357 1415 1404; x_wconf 78' lang='lat' dir='ltr'>animadvertit,</span> <span class='ocrx_word' id='word_1_140' title='bbox 1439 1368 1523 1403; x_wconf 90' lang='lat' dir='ltr'>CCC,</span> 
     </span>
     <span class='ocr_line' id='line_1_20' title="bbox 201 1422 1527 1473; baseline 0.001 -14"><span class='ocrx_word' id='word_1_141' title='bbox 201 1434 300 1470; x_wconf 86' lang='lat' dir='ltr'>quos</span> <span class='ocrx_word' id='word_1_142' title='bbox 327 1435 373 1459; x_wconf 86' lang='lat' dir='ltr'>ex</span> <span class='ocrx_word' id='word_1_143' title='bbox 398 1422 617 1472; x_wconf 82' lang='lat' dir='ltr'>legionibus</span> <span class='ocrx_word' id='word_1_144' title='bbox 645 1423 789 1461; x_wconf 81' lang='lat' dir='ltr'>habere</span> <span class='ocrx_word' id='word_1_145' title='bbox 821 1422 1024 1472; x_wconf 75' lang='lat' dir='ltr'>expeditos</span> <span class='ocrx_word' id='word_1_146' title='bbox 1055 1431 1272 1470; x_wconf 88' lang='lat' dir='ltr'>consuerat,</span> <span class='ocrx_word' id='word_1_147' title='bbox 1300 1436 1345 1462; x_wconf 79' lang='lat' dir='ltr'>ex</span> <span class='ocrx_word' id='word_1_148' title='bbox 1373 1423 1527 1473; x_wconf 86' lang='lat' dir='ltr'>legione</span> 
     </span>
     <span class='ocr_line' id='line_1_21' title="bbox 201 1486 1525 1538; baseline 0.003 -16"><span class='ocrx_word' id='word_1_149' title='bbox 201 1498 301 1534; x_wconf 88' lang='lat' dir='ltr'>quae</span> <span class='ocrx_word' id='word_1_150' title='bbox 326 1486 501 1535; x_wconf 78' lang='lat' dir='ltr'>proxima</span> <span class='ocrx_word' id='word_1_151' title='bbox 528 1487 563 1525; x_wconf 88' lang='lat' dir='ltr'>ei</span> <span class='ocrx_word' id='word_1_152' title='bbox 588 1487 737 1537; x_wconf 87' lang='lat' dir='ltr'>proelio</span> <span class='ocrx_word' id='word_1_153' title='bbox 769 1487 807 1524; x_wconf 92' lang='lat' dir='ltr'>in</span> <span class='ocrx_word' id='word_1_154' title='bbox 839 1487 923 1525; x_wconf 89' lang='lat' dir='ltr'>acie</span> <span class='ocrx_word' id='word_1_155' title='bbox 950 1488 1174 1526; x_wconf 88' lang='lat' dir='ltr'>constiterat</span> <span class='ocrx_word' id='word_1_156' title='bbox 1199 1488 1307 1526; x_wconf 86' lang='lat' dir='ltr'>iubet</span> <span class='ocrx_word' id='word_1_157' title='bbox 1335 1487 1525 1538; x_wconf 86' lang='lat' dir='ltr'>equitatui</span> 
     </span>
     <span class='ocr_line' id='line_1_22' title="bbox 162 1551 1526 1602; baseline 0.002 -15"><span class='ocrx_word' id='word_1_158' title='bbox 162 1558 180 1588; x_wconf 85' lang='lat'><strong>6</strong></span> <span class='ocrx_word' id='word_1_159' title='bbox 201 1563 432 1588; x_wconf 87' lang='lat' dir='ltr'>succurrere.</span> <span class='ocrx_word' id='word_1_160' title='bbox 491 1551 687 1589; x_wconf 88' lang='lat' dir='ltr'>Labienus</span> <span class='ocrx_word' id='word_1_161' title='bbox 702 1551 856 1590; x_wconf 86' lang='lat' dir='ltr'>interim</span> <span class='ocrx_word' id='word_1_162' title='bbox 874 1551 951 1590; x_wconf 87' lang='lat' dir='ltr'>suis</span> <span class='ocrx_word' id='word_1_163' title='bbox 966 1552 1162 1602; x_wconf 88' lang='lat' dir='ltr'>equitibus</span> <span class='ocrx_word' id='word_1_164' title='bbox 1179 1552 1320 1591; x_wconf 86' lang='lat' dir='ltr'>auxilia</span> <span class='ocrx_word' id='word_1_165' title='bbox 1334 1552 1526 1602; x_wconf 91' lang='lat' dir='ltr'>equestria</span> 
     </span>
     <span class='ocr_line' id='line_1_23' title="bbox 201 1614 1527 1667; baseline 0.003 -16"><span class='ocrx_word' id='word_1_166' title='bbox 201 1614 443 1653; x_wconf 89' lang='lat' dir='ltr'>summittere</span> <span class='ocrx_word' id='word_1_167' title='bbox 474 1615 694 1666; x_wconf 88' lang='lat' dir='ltr'>sauciisque</span> <span class='ocrx_word' id='word_1_168' title='bbox 721 1630 766 1654; x_wconf 87' lang='lat' dir='ltr'>ac</span> <span class='ocrx_word' id='word_1_169' title='bbox 791 1616 1011 1667; x_wconf 81' lang='lat' dir='ltr'>defatigatis</span> <span class='ocrx_word' id='word_1_170' title='bbox 1037 1617 1207 1667; x_wconf 85' lang='lat' dir='ltr'>integros</span> <span class='ocrx_word' id='word_1_171' title='bbox 1232 1617 1527 1655; x_wconf 88' lang='lat' dir='ltr'>recentioribus-</span> 
     </span>
     <span class='ocr_line' id='line_1_24' title="bbox 165 1678 1526 1732; baseline 0.002 -16"><span class='ocrx_word' id='word_1_172' title='bbox 165 1692 180 1725; x_wconf 80' lang='lat'><em>7</em></span> <span class='ocrx_word' id='word_1_173' title='bbox 200 1691 277 1727; x_wconf 87' lang='lat' dir='ltr'>que</span> <span class='ocrx_word' id='word_1_174' title='bbox 293 1678 437 1717; x_wconf 84' lang='lat' dir='ltr'>viribus</span> <span class='ocrx_word' id='word_1_175' title='bbox 455 1680 604 1729; x_wconf 90' lang='lat' dir='ltr'>equites</span> <span class='ocrx_word' id='word_1_176' title='bbox 619 1680 938 1719; x_wconf 87' lang='lat' dir='ltr'>sumministrare.</span> <span class='ocrx_word' id='word_1_177' title='bbox 986 1683 1201 1732; x_wconf 86' lang='lat' dir='ltr'>Postquam</span> <span class='ocrx_word' id='word_1_178' title='bbox 1218 1681 1367 1731; x_wconf 90' lang='lat' dir='ltr'>equites</span> <span class='ocrx_word' id='word_1_179' title='bbox 1385 1682 1526 1720; x_wconf 91' lang='lat' dir='ltr'>Iuliani</span> 
     </span>
     <span class='ocr_line' id='line_1_25' title="bbox 199 1742 1528 1796; baseline 0.004 -17"><span class='ocrx_word' id='word_1_180' title='bbox 199 1753 299 1780; x_wconf 88' lang='lat' dir='ltr'>CCCC</span> <span class='ocrx_word' id='word_1_181' title='bbox 320 1742 397 1780; x_wconf 85' lang='lat' dir='ltr'>vim</span> <span class='ocrx_word' id='word_1_182' title='bbox 425 1743 597 1782; x_wconf 90' lang='lat' dir='ltr'>hostium</span> <span class='ocrx_word' id='word_1_183' title='bbox 621 1746 672 1782; x_wconf 90' lang='lat' dir='ltr'>ad</span> <span class='ocrx_word' id='word_1_184' title='bbox 700 1757 762 1781; x_wconf 92' lang='lat'>1111</span> <span class='ocrx_word' id='word_1_185' title='bbox 786 1744 892 1782; x_wconf 86' lang='lat' dir='ltr'>milia</span> <span class='ocrx_word' id='word_1_186' title='bbox 919 1758 1083 1784; x_wconf 88' lang='lat' dir='ltr'>numero</span> <span class='ocrx_word' id='word_1_187' title='bbox 1110 1746 1300 1784; x_wconf 88' lang='lat' dir='ltr'>sustinere</span> <span class='ocrx_word' id='word_1_188' title='bbox 1320 1759 1401 1784; x_wconf 92' lang='lat' dir='ltr'>non</span> <span class='ocrx_word' id='word_1_189' title='bbox 1421 1754 1528 1796; x_wconf 90' lang='lat' dir='ltr'>pote—</span> 
     </span>
    </p>
   </div>
   <div class='ocr_carea' id='block_1_3' title="bbox 200 1807 1583 1849">
    <p class='ocr_par' dir='ltr' id='par_1_3' title="bbox 200 1807 1583 1849">
     <span class='ocr_line' id='line_1_26' title="bbox 200 1807 1583 1849; baseline 0.004 -5"><span class='ocrx_word' id='word_1_190' title='bbox 200 1814 284 1844; x_wconf 88' lang='lat' dir='ltr'>rant</span> <span class='ocrx_word' id='word_1_191' title='bbox 306 1814 343 1845; x_wconf 90' lang='lat' dir='ltr'>et</span> <span class='ocrx_word' id='word_1_192' title='bbox 372 1808 422 1845; x_wconf 92' lang='lat' dir='ltr'>ab</span> <span class='ocrx_word' id='word_1_193' title='bbox 450 1807 523 1846; x_wconf 89' lang='lat' dir='ltr'>levi</span> <span class='ocrx_word' id='word_1_194' title='bbox 548 1816 742 1847; x_wconf 85' lang='lat' dir='ltr'>armatura</span> <span class='ocrx_word' id='word_1_195' title='bbox 773 1809 1036 1848; x_wconf 90' lang='lat' dir='ltr'>Numidarum</span> <span class='ocrx_word' id='word_1_196' title='bbox 1068 1811 1372 1849; x_wconf 85' lang='lat' dir='ltr'>vulnerabantur</span> <span class='ocrx_word' id='word_1_197' title='bbox 1402 1810 1526 1848; x_wconf 86' lang='lat' dir='ltr'>minu·</span> <span class='ocrx_word' id='word_1_198' title='bbox 1572 1825 1583 1832; x_wconf 91' lang='lat'><strong>·</strong></span> 
     </span>
    </p>
   </div>
   <div class='ocr_carea' id='block_1_4' title="bbox 163 1871 1527 2119">
    <p class='ocr_par' dir='ltr' id='par_1_4' title="bbox 163 1871 1527 2119">
     <span class='ocr_line' id='line_1_27' title="bbox 200 1871 1527 1924; baseline 0.003 -16"><span class='ocrx_word' id='word_1_199' title='bbox 200 1871 390 1921; x_wconf 88' lang='lat' dir='ltr'>tatimque</span> <span class='ocrx_word' id='word_1_200' title='bbox 411 1873 615 1920; x_wconf 85' lang='lat' dir='ltr'>cedebant,</span> <span class='ocrx_word' id='word_1_201' title='bbox 641 1874 785 1912; x_wconf 81' lang='lat' dir='ltr'>Caesar</span> <span class='ocrx_word' id='word_1_202' title='bbox 804 1875 964 1912; x_wconf 86' lang='lat' dir='ltr'>alteram</span> <span class='ocrx_word' id='word_1_203' title='bbox 993 1876 1094 1912; x_wconf 88' lang='lat' dir='ltr'>alam</span> <span class='ocrx_word' id='word_1_204' title='bbox 1120 1874 1236 1912; x_wconf 88' lang='lat' dir='ltr'>mittit</span> <span class='ocrx_word' id='word_1_205' title='bbox 1263 1874 1328 1924; x_wconf 90' lang='lat' dir='ltr'>qui</span> <span class='ocrx_word' id='word_1_206' title='bbox 1355 1882 1527 1924; x_wconf 85' lang='lat' dir='ltr'>satagen-</span> 
     </span>
     <span class='ocr_line' id='line_1_28' title="bbox 163 1936 1526 1987; baseline 0.003 -14"><span class='ocrx_word' id='word_1_207' title='bbox 163 1936 303 1974; x_wconf 80' lang='lat' dir='ltr'>stibus</span> <span class='ocrx_word' id='word_1_208' title='bbox 326 1937 500 1975; x_wconf 88' lang='lat' dir='ltr'>celeriter</span> <span class='ocrx_word' id='word_1_209' title='bbox 527 1946 784 1977; x_wconf 90' lang='lat' dir='ltr'>occurrerent.</span> <span class='ocrx_word' id='word_1_210' title='bbox 856 1940 948 1987; x_wconf 83' lang='lat' dir='ltr'>Quo</span> <span class='ocrx_word' id='word_1_211' title='bbox 976 1940 1079 1977; x_wconf 89' lang='lat' dir='ltr'>facto</span> <span class='ocrx_word' id='word_1_212' title='bbox 1106 1939 1164 1977; x_wconf 88' lang='lat' dir='ltr'>sui</span> <span class='ocrx_word' id='word_1_213' title='bbox 1192 1939 1334 1977; x_wconf 88' lang='lat' dir='ltr'>sublati</span> <span class='ocrx_word' id='word_1_214' title='bbox 1358 1939 1526 1977; x_wconf 80' lang='lat' dir='ltr'>universi</span> 
     </span>
     <span class='ocr_line' id='line_1_29' title="bbox 200 2002 1526 2054; baseline 0.003 -16"><span class='ocrx_word' id='word_1_215' title='bbox 200 2002 239 2039; x_wconf 89' lang='lat' dir='ltr'>in</span> <span class='ocrx_word' id='word_1_216' title='bbox 261 2003 382 2040; x_wconf 85' lang='lat' dir='ltr'>hostis</span> <span class='ocrx_word' id='word_1_217' title='bbox 410 2003 666 2053; x_wconf 87' lang='lat' dir='ltr'>impressione</span> <span class='ocrx_word' id='word_1_218' title='bbox 691 2006 791 2043; x_wconf 87' lang='lat' dir='ltr'>facta</span> <span class='ocrx_word' id='word_1_219' title='bbox 818 2004 857 2042; x_wconf 88' lang='lat' dir='ltr'>in</span> <span class='ocrx_word' id='word_1_220' title='bbox 884 2006 1014 2054; x_wconf 88' lang='lat' dir='ltr'>fugam</span> <span class='ocrx_word' id='word_1_221' title='bbox 1042 2004 1282 2043; x_wconf 85' lang='lat' dir='ltr'>adversarios</span> <span class='ocrx_word' id='word_1_222' title='bbox 1307 2006 1526 2052; x_wconf 82' lang='lat' dir='ltr'>dederunt;</span> 
     </span>
     <span class='ocr_line' id='line_1_30' title="bbox 201 2067 1526 2119; baseline 0.003 -16"><span class='ocrx_word' id='word_1_223' title='bbox 201 2067 331 2104; x_wconf 85' lang='lat' dir='ltr'>multis</span> <span class='ocrx_word' id='word_1_224' title='bbox 352 2068 501 2115; x_wconf 84' lang='lat' dir='ltr'>occisis,</span> <span class='ocrx_word' id='word_1_225' title='bbox 532 2069 800 2119; x_wconf 87' lang='lat' dir='ltr'>compluribus</span> <span class='ocrx_word' id='word_1_226' title='bbox 825 2069 1034 2108; x_wconf 74' lang='lat' dir='ltr'>vulneratis</span> <span class='ocrx_word' id='word_1_227' title='bbox 1059 2069 1222 2108; x_wconf 91' lang='lat' dir='ltr'>insecuti</span> <span class='ocrx_word' id='word_1_228' title='bbox 1251 2083 1318 2119; x_wconf 91' lang='lat' dir='ltr'>per</span> <span class='ocrx_word' id='word_1_229' title='bbox 1346 2082 1391 2107; x_wconf 91' lang='lat'>111</span> <span class='ocrx_word' id='word_1_230' title='bbox 1421 2069 1526 2108; x_wconf 90' lang='lat' dir='ltr'>milia</span> 
     </span>
    </p>
   </div>
   <div class='ocr_carea' id='block_1_5' title="bbox 247 2171 1532 2215">
    <p class='ocr_par' dir='ltr' id='par_1_5' title="bbox 247 2171 1532 2215">
     <span class='ocr_line' id='line_1_31' title="bbox 247 2171 1532 2215; baseline 0.004 -14"><span class='ocrx_word' id='word_1_231' title='bbox 247 2181 259 2200; x_wconf 90' lang='lat'>1</span> <span class='ocrx_word' id='word_1_232' title='bbox 288 2181 326 2202; x_wconf 86' lang='lat'>111</span> <span class='ocrx_word' id='word_1_233' title='bbox 343 2171 401 2203; x_wconf 81' lang='lat' dir='ltr'>del.</span> <span class='ocrx_word' id='word_1_234' title='bbox 424 2172 600 2213; x_wconf 69' lang='lat' dir='ltr'>Nipperdey</span> <span class='ocrx_word' id='word_1_235' title='bbox 703 2185 721 2205; x_wconf 88' lang='lat'><strong>2</strong></span> <span class='ocrx_word' id='word_1_236' title='bbox 747 2184 770 2204; x_wconf 86' lang='lat'>11</span> <span class='ocrx_word' id='word_1_237' title='bbox 790 2174 937 2215; x_wconf 84' lang='lat' dir='ltr'>milibus]</span> <span class='ocrx_word' id='word_1_238' title='bbox 957 2185 994 2206; x_wconf 85' lang='lat'>00</span> <span class='ocrx_word' id='word_1_239' title='bbox 1009 2186 1046 2206; x_wconf 86' lang='lat'>00</span> <span class='ocrx_word' id='word_1_240' title='bbox 1060 2176 1109 2205; x_wconf 76' lang='lat' dir='ltr'>vel</span> <span class='ocrx_word' id='word_1_241' title='bbox 1124 2185 1162 2205; x_wconf 93' lang='lat' dir='ltr'>co</span> <span class='ocrx_word' id='word_1_242' title='bbox 1186 2185 1223 2205; x_wconf 89' lang='lat' dir='ltr'>co</span> <span class='ocrx_word' id='word_1_243' title='bbox 1240 2173 1395 2206; x_wconf 85' lang='lat' dir='ltr'><strong><em>DLFT‘:</em></strong></span> <span class='ocrx_word' id='word_1_244' title='bbox 1431 2177 1479 2206; x_wconf 59' lang='lat' dir='ltr'>H</span> <span class='ocrx_word' id='word_1_245' title='bbox 1499 2175 1532 2206; x_wconf 88' lang='lat' dir='ltr'><em>U</em></span> 
     </span>
    </p>
   </div>
   <div class='ocr_carea' id='block_1_6' title="bbox 202 2214 1529 2346">
    <p class='ocr_par' dir='ltr' id='par_1_6' title="bbox 202 2214 1529 2346">
     <span class='ocr_line' id='line_1_32' title="bbox 202 2214 1526 2257; baseline 0.004 -13"><span class='ocrx_word' id='word_1_246' title='bbox 202 2224 220 2253; x_wconf 82' lang='lat'>5</span> <span class='ocrx_word' id='word_1_247' title='bbox 245 2214 291 2244; x_wconf 61' lang='grc' dir='ltr'>Ξῖ</span> <span class='ocrx_word' id='word_1_248' title='bbox 320 2215 354 2245; x_wconf 89' lang='lat' dir='ltr'><em>U</em></span> <span class='ocrx_word' id='word_1_249' title='bbox 490 2218 511 2246; x_wconf 87' lang='lat'><strong>6</strong></span> <span class='ocrx_word' id='word_1_250' title='bbox 535 2218 671 2248; x_wconf 86' lang='lat' dir='ltr'>derecto</span> <span class='ocrx_word' id='word_1_251' title='bbox 694 2217 798 2249; x_wconf 69' lang='lat' dir='ltr'><strong><em>U‘T1:</em></strong></span> <span class='ocrx_word' id='word_1_252' title='bbox 837 2219 969 2248; x_wconf 89' lang='lat' dir='ltr'>directo</span> <span class='ocrx_word' id='word_1_253' title='bbox 997 2216 1147 2248; x_wconf 74' lang='lat' dir='ltr'><em>DLT2V</em></span> <span class='ocrx_word' id='word_1_254' title='bbox 1297 2229 1318 2257; x_wconf 93' lang='lat'><strong>9</strong></span> <span class='ocrx_word' id='word_1_255' title='bbox 1352 2220 1526 2249; x_wconf 85' lang='lat' dir='ltr'>constituit</span> 
     </span>
     <span class='ocr_line' id='line_1_33' title="bbox 203 2257 1526 2300; baseline 0.003 -12"><span class='ocrx_word' id='word_1_256' title='bbox 203 2257 424 2299; x_wconf 61' lang='lat' dir='ltr'>Oudendmp:</span> <span class='ocrx_word' id='word_1_257' title='bbox 458 2260 613 2291; x_wconf 83' lang='lat' dir='ltr'>consistit</span> <span class='ocrx_word' id='word_1_258' title='bbox 631 2259 668 2290; x_wconf 88' lang='grc' dir='ltr'><em>Χ</em></span> <span class='ocrx_word' id='word_1_259' title='bbox 801 2272 837 2300; x_wconf 93' lang='lat'>17</span> <span class='ocrx_word' id='word_1_260' title='bbox 864 2261 1132 2292; x_wconf 85' lang='lat' dir='ltr'>circumfundere</span> <span class='ocrx_word' id='word_1_261' title='bbox 1153 2260 1199 2292; x_wconf 88' lang='lat' dir='ltr'>V:</span> <span class='ocrx_word' id='word_1_262' title='bbox 1234 2262 1526 2293; x_wconf 86' lang='lat' dir='ltr'>circumfundendi</span> 
     </span>
     <span class='ocr_line' id='line_1_34' title="bbox 205 2301 1529 2346; baseline 0.003 -16"><span class='ocrx_word' id='word_1_263' title='bbox 205 2301 345 2331; x_wconf 70' lang='lat' dir='ltr'>Ursinus</span> <span class='ocrx_word' id='word_1_264' title='bbox 477 2313 519 2333; x_wconf 87' lang='lat'>20</span> <span class='ocrx_word' id='word_1_265' title='bbox 543 2305 697 2342; x_wconf 78' lang='lat' dir='ltr'>proxima</span> <span class='ocrx_word' id='word_1_266' title='bbox 709 2308 786 2344; x_wconf 78' lang='lat' dir='ltr'>post</span> <span class='ocrx_word' id='word_1_267' title='bbox 800 2314 887 2343; x_wconf 85' lang='lat' dir='ltr'>quae</span> <span class='ocrx_word' id='word_1_268' title='bbox 903 2310 972 2344; x_wconf 80' lang='lat' dir='ltr'>pos,</span> <span class='ocrx_word' id='word_1_269' title='bbox 991 2304 1125 2336; x_wconf 69' lang='lat' dir='ltr'>Morus:</span> <span class='ocrx_word' id='word_1_270' title='bbox 1160 2309 1234 2335; x_wconf 77' lang='lat' dir='ltr'>ante</span> <span class='ocrx_word' id='word_1_271' title='bbox 1254 2305 1388 2343; x_wconf 87' lang='lat' dir='ltr'>legione</span> <span class='ocrx_word' id='word_1_272' title='bbox 1411 2305 1529 2346; x_wconf 75' lang='lat' dir='ltr'>legitur</span> 
     </span>
    </p>
   </div>
   <div class='ocr_carea' id='block_1_7' title="bbox 201 2345 1526 2419">
    <p class='ocr_par' dir='ltr' id='par_1_7' title="bbox 201 2345 1526 2419">
     <span class='ocr_line' id='line_1_35' title="bbox 201 2345 1526 2388; baseline 0.004 -15"><span class='ocrx_word' id='word_1_273' title='bbox 201 2345 234 2373; x_wconf 78' lang='lat' dir='ltr'>in</span> <span class='ocrx_word' id='word_1_274' title='bbox 252 2345 344 2374; x_wconf 77' lang='lat' dir='ltr'>libris</span> <span class='ocrx_word' id='word_1_275' title='bbox 450 2347 491 2375; x_wconf 84' lang='lat'>26</span> <span class='ocrx_word' id='word_1_276' title='bbox 515 2347 724 2377; x_wconf 83' lang='lat' dir='ltr'>cedebantur</span> <span class='ocrx_word' id='word_1_277' title='bbox 743 2347 774 2376; x_wconf 86' lang='lat' dir='ltr'><em>V</em></span> <span class='ocrx_word' id='word_1_278' title='bbox 879 2358 919 2386; x_wconf 87' lang='lat'>27</span> <span class='ocrx_word' id='word_1_279' title='bbox 945 2353 1183 2379; x_wconf 81' lang='lat' dir='ltr'>succurrerent</span> <span class='ocrx_word' id='word_1_280' title='bbox 1200 2347 1378 2388; x_wconf 77' lang='lat' dir='ltr'>Nipperdey</span> <span class='ocrx_word' id='word_1_281' title='bbox 1476 2350 1526 2378; x_wconf 88' lang='lat' dir='ltr'>sui</span> 
     </span>
     <span class='ocr_line' id='line_1_36' title="bbox 201 2387 495 2419; baseline 0.01 -3"><span class='ocrx_word' id='word_1_282' title='bbox 201 2388 269 2418; x_wconf 81' lang='lat' dir='ltr'>secl.</span> <span class='ocrx_word' id='word_1_283' title='bbox 291 2387 495 2419; x_wconf 75' lang='lat' dir='ltr'>Sclzambacll</span> 
     </span>
    </p>
   </div>
   <div class='ocr_carea' id='block_1_8' title="bbox 1548 854 1587 877">
    <p class='ocr_par' dir='ltr' id='par_1_8' title="bbox 1548 854 1587 877">
     <span class='ocr_line' id='line_1_37' title="bbox 1548 854 1587 877; baseline 0.026 -1"><span class='ocrx_word' id='word_1_284' title='bbox 1548 854 1587 877; x_wconf 93' lang='lat'>10</span> 
     </span>
    </p>
   </div>
   <div class='ocr_carea' id='block_1_9' title="bbox 1550 1180 1585 1212">
    <p class='ocr_par' dir='ltr' id='par_1_9' title="bbox 1550 1180 1585 1212">
     <span class='ocr_line' id='line_1_38' title="bbox 1550 1180 1585 1212; baseline 0 0"><span class='ocrx_word' id='word_1_285' title='bbox 1550 1180 1585 1212; x_wconf 83' lang='grc' dir='ltr'>Ι5</span> 
     </span>
    </p>
   </div>
   <div class='ocr_carea' id='block_1_10' title="bbox 1548 1500 1587 1522">
    <p class='ocr_par' dir='ltr' id='par_1_10' title="bbox 1548 1500 1587 1522">
     <span class='ocr_line' id='line_1_39' title="bbox 1548 1500 1587 1522; baseline -0.026 0"><span class='ocrx_word' id='word_1_286' title='bbox 1548 1500 1587 1522; x_wconf 88' lang='grc'>20</span> 
     </span>
    </p>
   </div>
  </div>
 </body>
</html>
