1705 2729
620 131 663 168 C.
699 130 814 167 IVLI
847 130 1116 167 CAESARIS

203 242 391 281 exercitus
431 242 686 280 incommoda
724 248 814 280 sunt
853 242 1030 291 tegenda,
1073 255 1122 278 ne
1161 254 1271 290 spem
1305 241 1534 280 adversariis

167 321 180 351 7
201 320 413 356 augeamus
428 309 445 344 ?
473 308 525 344 At
546 305 663 344 etiam
685 313 727 344 ut
758 305 889 344 media
911 314 1027 343 nocte
1054 305 1348 355 proficiscamur
1367 307 1530 353 addunt,

202 386 282 421 quo
300 371 498 418 maiorem,
515 372 643 417 credo,
664 370 862 409 licentiam
877 371 1048 408 habeant
1065 370 1132 420 qui
1148 384 1312 420 peccare
1328 379 1530 410 conentur.

203 438 387 486 Namque
408 436 522 474 huius
540 435 649 474 modi
664 449 722 474 res
736 443 802 473 aut
817 437 967 485 pudore
982 443 1049 473 aut
1064 442 1171 473 metu
1186 443 1377 483 tenentur,
1390 436 1533 486 quibus

162 507 180 536 S
200 502 316 540 rebus
345 515 422 539 nox
446 501 614 539 maxime
640 499 860 539 adversaria
887 507 954 538 est.
1016 501 1147 548 Quare
1174 514 1304 550 neque
1324 501 1422 538 tanti
1446 514 1533 539 sum
1553 513 1570 543 5

199 565 320 604 animi
348 573 390 603 ut
417 565 500 604 sine
531 578 599 615 spe
626 572 751 603 castra
776 565 1044 615 oppugnanda
1070 578 1253 603 censeam
1282 578 1412 614 neque
1435 564 1533 603 tanti

200 630 348 669 timoris
387 630 443 669 uti
481 643 550 680 spe
589 630 782 676 deficiam,
823 637 941 679 atque
980 630 1114 668 onmia
1152 629 1258 680 prius
1297 629 1534 680 experienda

198 695 364 734 arbitror
394 708 615 744 magnaque
646 709 691 733 ex
724 701 834 744 parte
865 694 941 732 iam
976 708 1039 732 me
1069 707 1147 732 una
1177 693 1383 732 vobiscum
1413 695 1464 732 de
1494 708 1533 732 re

199 760 387 799 iudicium
409 761 601 798 facturum
623 760 806 798 eonfido.'

128 830 179 866 32
256 824 429 863 Dimisso
459 824 625 863 consilio
655 824 884 863 contionem
913 826 1081 864 advocat
1108 824 1287 862 militum.
1348 825 1532 863 Comme·
1554 836 1592 858 10

200 898 324 929 morat
352 903 431 940 quo
458 889 507 928 sit
534 903 669 928 eorum
698 904 791 928 usus
821 889 952 928 studio
982 890 1033 928 ad
1058 889 1277 928 Corfinium
1306 890 1460 935 Caesar,
1488 897 1530 928 ut

116 1002 121 1007 N
200 970 381 1006 magnam
409 963 558 1006 partem
591 955 727 994 Italiae
757 956 952 994 beneficio
981 963 1099 1005 atque
1130 955 1361 994 auctoritate
1393 969 1529 994 eorum

162 1034 175 1054 2
198 1035 308 1059 suam
326 1020 468 1059 fecerit.
522 1022 627 1058 ‘Vos
644 1020 747 1058 enim
766 1028 1017 1069 vestrumque
1034 1021 1204 1067 factum‚'
1219 1019 1356 1069 inquit,
1375 1020 1531 1058 ‘onmia

197 1086 386 1136 deinceps
412 1086 625 1135 municipia
653 1094 742 1124 sunt
764 1093 908 1132 secuta,
932 1099 1061 1135 neque
1083 1086 1166 1123 sine
1187 1099 1305 1124 causa
1326 1093 1364 1124 et
1385 1087 1530 1126 Caesar

157 1161 174 1191 3
195 1150 431 1189 amicissime
461 1152 511 1189 de
538 1150 649 1188 vobis
676 1158 713 1188 et
740 1150 793 1188 illi
822 1150 1048 1200 gravissime
1075 1150 1354 1189 iudicaverunt.
1415 1153 1529 1189 Pom·
1553 1163 1588 1195 15

196 1216 307 1266 peius
335 1215 439 1254 enim
469 1217 577 1254 nullo
605 1215 753 1265 proelio
778 1217 913 1265 pulsus
937 1215 1052 1254 vestri
1081 1215 1170 1254 facti
1196 1215 1438 1265 praeiudicio
1464 1217 1529 1255 de-

197 1288 326 1319 motus
360 1280 473 1318 Italia
507 1280 695 1327 excessit:
735 1282 879 1320 Caesar
914 1294 988 1327 me,
1022 1294 1139 1330 quem
1175 1280 1249 1318 sibi
1283 1280 1527 1319 carissimum

196 1345 343 1392 habuit,
355 1345 595 1395 provinciam
613 1345 783 1383 Siciliam
801 1353 918 1395 atque
932 1344 1118 1391 Africam,
1134 1345 1218 1383 sine
1232 1345 1375 1395 quibus
1389 1346 1527 1385 urbem

156 1420 175 1449 4
195 1418 312 1460 atque
336 1410 489 1448 Italiam
518 1410 614 1448 tueri
643 1424 721 1448 non
750 1418 890 1460 potest,
913 1418 1062 1449 vestrae
1090 1410 1181 1449 fidei
1207 1410 1414 1450 commisit.
1474 1414 1527 1450 At

195 1483 285 1513 sunt
310 1475 377 1525 qui
401 1489 470 1514 vos
500 1476 703 1513 hortentur
730 1483 771 1513 ut
798 1489 820 1513 a
847 1474 961 1513 nobis
988 1475 1224 1514 desciscatis.
1286 1475 1394 1524 Quid
1420 1475 1525 1514 enim
1549 1491 1587 1512 20

196 1547 252 1578 est
274 1540 347 1578 illis
375 1540 555 1590 optatius,
581 1554 698 1590 quam
721 1554 801 1579 uno
822 1549 999 1590 tempore
1027 1549 1063 1579 et
1086 1554 1157 1579 nos
1185 1540 1467 1580 circumvenire
1488 1549 1526 1580 et

195 1619 262 1644 vos
298 1605 445 1644 nefario
476 1607 620 1644 scelere
651 1606 922 1657 obstringere?
960 1614 1026 1644 aut
1053 1606 1149 1656 quid
1179 1606 1263 1644 irati
1292 1606 1445 1656 gravius
1475 1608 1525 1645 de

194 1670 305 1709 vobis
340 1670 482 1709 sentire
515 1679 679 1720 possunt
710 1685 827 1721 quam
864 1679 905 1709 ut
937 1684 1005 1710 eos
1036 1671 1210 1720 prodatis
1241 1670 1308 1721 qui
1342 1684 1383 1709 se
1412 1671 1524 1710 vobis

193 1735 327 1774 omnia
347 1736 491 1774 debere
519 1735 704 1783 iudicant,
728 1736 767 1773 in
793 1749 928 1774 eorum
950 1743 1185 1786 potestatem
1206 1735 1370 1774 veniatis
1391 1735 1459 1786 qui
1482 1749 1524 1774 se

155 1813 170 1843 5
192 1814 260 1850 per
280 1814 349 1839 vos
370 1801 515 1851 perisse
537 1800 789 1839 existimant?
843 1803 907 1839 An
928 1814 1020 1839 vero
1041 1800 1080 1838 in
1100 1800 1295 1850 Hispania
1315 1814 1374 1839 res
1394 1809 1522 1852 gestas
1544 1815 1582 1847 25

193 1865 369 1905 Caesaris
392 1880 471 1904 non
495 1865 689 1904 audistis?
731 1867 831 1905 duos
853 1867 987 1915 pulsos
1008 1865 1209 1913 exercitus,
1243 1867 1344 1905 duos
1369 1879 1522 1916 supera-

192 1940 251 1970 tos
277 1933 408 1978 duces,
444 1933 541 1969 duas
570 1938 745 1981 receptas
776 1930 1026 1980 provincias?
1064 1932 1162 1969 haec
1192 1938 1280 1969 acta
1300 1930 1440 1970 diebus
1466 1943 1523 1968 XL

152 2002 171 2033 6
191 1996 334 2046 quibus
364 1996 402 2034 in
433 2004 691 2046 conspectum
721 1995 1030 2035 adversariorum
1061 1995 1209 2034 venerit
1236 1997 1409 2035 Caesar?
1457 1998 1521 2034 An

190 2061 256 2111 qui
277 2061 495 2100 incolumes
521 2062 697 2100 resistere
718 2074 798 2100 non
828 2068 1039 2111 potuerunt
1064 2060 1204 2111 perditi
1221 2060 1430 2099 resistant?
1449 2074 1519 2099 vos

187 2134 319 2165 autem
346 2126 492 2165 incerta
516 2126 676 2165 victoria
698 2127 906 2165 Caesarem
934 2125 1057 2164 secuti
1084 2125 1298 2164 diiudicata
1320 2125 1398 2163 iam
1426 2125 1517 2163 belli
1538 2134 1578 2164 30

188 2193 342 2230 fortuna
372 2191 517 2230 victum
550 2190 781 2242 sequamini,
804 2204 895 2230 cum
926 2190 1041 2229 vestri
1071 2190 1173 2229 offici
1200 2190 1372 2241 praemia
1398 2190 1518 2240 perci-

230 2307 249 2326 2
274 2300 307 2327 at
324 2295 527 2326 Beroaldus:
566 2300 623 2326 aut
639 2293 677 2324 X
816 2305 832 2333 7
858 2305 919 2334 spe
937 2294 1048 2324 Aldus
1065 2299 1180 2334 nepos:
1221 2293 1292 2334 ipse
1309 2293 1347 2324 X
1480 2305 1517 2334 15

186 2339 384 2379 gravissime
402 2338 492 2369 D'U'
508 2351 515 2369 τ
532 2338 741 2377 gavisissime
757 2337 829 2368 LT'
940 2348 978 2376 19
1001 2338 1047 2368 At
1060 2343 1139 2369 sunt
1150 2337 1257 2368 Paul:
1282 2338 1336 2369 Ad
1352 2343 1432 2369 sunt
1450 2338 1518 2369 nob

192 2383 246 2413 T':
273 2383 405 2413 Adsunt
425 2382 471 2411 L:
499 2382 627 2412 Assunt
644 2382 690 2411 D'
834 2392 876 2420 30
901 2382 1025 2413 incerta
1042 2381 1173 2412 Aldus:
1200 2386 1293 2413 certa
1309 2380 1347 2411 X
1475 2391 1514 2422 31

186 2427 372 2466 sequamini
389 2427 412 2460 ,Β
428 2438 434 2456 z
459 2425 637 2464 sequimini
654 2424 699 2454 D‘
