1705 2729
611 133 847 171 INCERTI
878 133 1159 172 AVCTORIS

226 246 382 283 fuerunt
415 245 453 282 in
485 245 543 283 his
575 245 825 294 regionibus:
856 255 991 295 quarta
1013 245 1083 283 fuit
1104 246 1316 284 Afraniana
1338 261 1382 285 ex
1418 247 1548 285 Africa

185 321 201 351 5
224 323 342 359 quam
378 323 510 348 secum
546 311 784 357 adduxerat3
825 311 1020 359 †reliquae
1060 324 1105 348 ex
1144 310 1312 360 fugitivis
1346 311 1547 350 auxiliares

222 373 537 413 consistebant†:
579 387 670 412 nam
698 375 748 412 de
782 374 856 412 levi
883 383 1077 412 armatura
1104 383 1141 413 et
1168 375 1342 425 equitatu
1375 377 1490 425 longe
1511 384 1547 414 et

223 438 363 476 virtute
384 446 421 477 et
442 451 608 476 numero
628 438 749 477 nostri
771 446 879 477 erant
900 439 1117 488 superiores

179 506 202 542 8
276 503 505 541 Accedebat
519 504 608 549 huc,
625 510 667 541 ut
683 503 836 552 longius
857 504 1004 541 bellum
1021 505 1183 542 duceret
1201 505 1423 554 Pompeius,
1439 507 1547 555 quod

220 568 307 605 loca
346 575 435 605 sunt
470 567 575 605 edita
608 575 646 606 et
679 569 730 605 ad
765 575 979 605 castrorum
1015 568 1252 606 munitiones
1291 582 1372 607 non
1410 582 1546 619 parum

184 646 199 667 2
221 631 373 669 idonea.
435 633 538 669 Nam
565 633 643 670 fere
670 631 788 670 totius
816 632 1006 670 ulterioris
1029 632 1246 682 Hispaniae
1266 633 1371 682 regio
1391 641 1548 683 propter

221 702 343 733 terrae
382 695 664 734 fecunditatem
700 704 737 734 et
772 709 852 734 non
892 696 1020 734 minus
1059 697 1260 746 copiosam
1294 697 1545 746 aquationem

182 758 381 808 3inopem
419 759 698 808 difficilemque
736 760 855 798 habet
894 761 1239 810 oppugnationem.
1315 762 1395 799 Hic
1429 761 1544 799 etiam

219 830 377 873 propter
411 823 665 861 barbarorum
697 824 850 862 crebras
882 824 1129 863 excursiones
1160 825 1294 864 omnia
1325 827 1412 864 loca
1444 839 1545 875 quae

219 895 309 925 sunt
329 888 380 925 ab
400 888 556 937 oppidis
583 895 733 926 remota
756 888 924 926 turribus
952 896 990 926 et
1013 889 1298 928 munitionibus
1319 890 1542 937 retinentur,

219 951 318 989 sicut
348 951 387 988 in
411 951 553 998 Africa,
581 954 730 998 rudere,
763 965 843 990 non
873 952 1012 1002 tegulis
1041 960 1249 1003 teguntur3
1284 955 1479 1004 simulque
1505 954 1544 992 in

218 1015 278 1054 his
309 1016 457 1054 habent
491 1018 670 1066 speculas
705 1024 743 1054 et
777 1025 933 1066 propter
963 1017 1211 1056 altitudinem
1242 1020 1319 1056 late
1350 1020 1545 1069 longeque

180 1097 198 1125 4
218 1080 469 1130 prospiciunt.
532 1083 633 1119 Item
664 1081 900 1131 oppidorum
931 1095 1072 1132 magna
1101 1096 1187 1132 pars
1215 1083 1297 1121 eius
1322 1083 1545 1133 provinciae

218 1145 419 1183 montibus
440 1147 518 1184 fere
539 1146 690 1184 munita
717 1154 754 1185 et
780 1154 917 1184 natura
947 1147 1225 1185 excellentibus
1253 1148 1348 1186 locis
1373 1156 1430 1186 est
1454 1162 1545 1187 con-

180 1225 198 1255 5
219 1209 361 1257 stituta,
397 1218 438 1248 ut
469 1211 584 1249 simul
618 1211 747 1249 aditus
779 1225 1044 1263 ascensusque
1075 1214 1218 1251 habeat
1247 1213 1423 1252 difficilis.
1484 1216 1545 1253 Ita

217 1275 268 1312 ab
310 1275 671 1324 oppugnationibus
715 1284 852 1314 natura
890 1276 966 1315 loci
1005 1277 1249 1323 distinemur,
1289 1286 1331 1316 ut
1370 1278 1544 1317 civitates

220 1338 437 1388 Hispaniae
467 1353 547 1378 non
577 1340 690 1378 facile
719 1341 769 1378 ab
794 1342 907 1380 hoste
936 1342 1165 1392 capiantur5
1198 1342 1238 1380 id
1263 1344 1370 1392 quod
1398 1343 1437 1380 in
1467 1344 1544 1382 hoc

179 1411 198 1441 6
217 1403 379 1453 contigit
406 1405 520 1442 bello.
582 1407 685 1443 Nam
713 1419 803 1444 cum
829 1406 928 1444 inter
952 1409 1146 1456 Ateguam
1174 1415 1211 1445 et
1233 1408 1418 1455 Ucubim,
1442 1421 1543 1458 quae

216 1468 362 1517 oppida
389 1482 504 1518 supra
529 1477 618 1507 sunt
643 1470 795 1519 scripta,
821 1470 1032 1519 Pompeius
1055 1469 1129 1522 [ut]
1151 1471 1288 1509 habuit
1309 1480 1433 1510 castra
1453 1485 1543 1510 con-

216 1532 349 1570 stituta
387 1532 426 1570 in
466 1542 681 1583 conspectu
721 1536 889 1577 duorum
928 1536 1176 1585 oppidorum,
1211 1537 1261 1575 ab
1297 1537 1375 1574 suis
1409 1538 1542 1575 castris

215 1597 366 1635 circiter
387 1597 491 1635 milia
516 1611 702 1647 passuum
729 1611 791 1636 1111
819 1613 978 1649 grumus
1004 1608 1061 1638 est
1088 1602 1281 1639 excellens
1305 1609 1451 1648 natura,
1475 1601 1542 1651 qui

215 1663 432 1711 appellatur
456 1663 593 1700 Castra
615 1663 891 1701 Postumiana:
922 1663 975 1702 ibi
1002 1664 1171 1714 praesidi
1194 1677 1312 1703 causa
1338 1666 1541 1704 castellum

217 1726 361 1763 Caesar
381 1726 518 1764 habuit
539 1726 806 1765 constitutum.

170 1799 198 1835 to

216 1860 254 1891 et
287 1862 481 1892 remotum
516 1863 596 1892 erat
629 1868 651 1892 a
685 1855 818 1893 castris
854 1857 1041 1903 Caesaris,
1077 1857 1413 1896 animadvertebat
1448 1857 1539 1910 [loci

214 1917 501 1970 difficultatem]
519 1926 567 1965 et,
583 1919 674 1968 quia
694 1920 856 1958 flumine
873 1922 983 1959 Salso
999 1921 1341 1969 intercludebatur,
1358 1936 1438 1960 non
1455 1936 1539 1961 esse

213 1982 514 2020 commissurum
536 1984 744 2021 Caesarem
772 1992 814 2021 ut
843 1983 883 2021 in
910 1992 1017 2023 tanta
1036 1985 1112 2023 loci
1133 1985 1360 2024 difficultate
1380 1987 1431 2024 ad
1452 1988 1539 2025 sub-

256 2095 274 2114 2
301 2084 417 2123 reliqui
440 2085 474 2115 D
563 2086 744 2117 auxiliares
765 2086 822 2118 del.
846 2087 1057 2129 Hoffmann:
1094 2089 1323 2120 auxiliariisve
1347 2089 1536 2122 Mommsen

213 2128 455 2158 consistebant.
489 2129 684 2160 Auxiliares
702 2154 708 2160 .
726 2154 733 2161 .
756 2154 762 2161 .
780 2131 901 2161 Dinter
997 2142 1017 2170 3
1035 2136 1113 2172 post
1134 2133 1364 2163 consistebant
1382 2133 1535 2165 lammam

213 2174 304 2201 notat
318 2171 509 2210 Hoffinamz
643 2184 661 2212 5
687 2174 750 2204 huc
766 2173 852 2205 DV:
876 2176 940 2205 hoc
957 2179 1021 2205 cett.
1152 2177 1172 2205 8
1195 2177 1288 2206 verba
1306 2182 1339 2207 et
1358 2200 1364 2206 .
1385 2201 1390 2207 .
1410 2201 1416 2208 .
1436 2188 1534 2217 aqua-

212 2213 340 2244 tionem
366 2218 441 2254 post
465 2215 706 2246 fecunditatem
741 2219 878 2257 reposuit
908 2217 1085 2258 Nzffiperdesy
1101 2231 1107 2249 :
1143 2223 1218 2259 post
1247 2221 1534 2259 oppugnationem

210 2257 328 2287 liabent
342 2257 430 2288 codd.
548 2269 584 2288 12
607 2260 702 2289 verba
719 2260 833 2290 Africa
849 2264 878 2290 et
893 2263 1015 2292 rudere
1026 2263 1168 2301 gravius
1182 2263 1331 2293 dt'stinnit
1345 2263 1534 2294 Mommsen

215 2310 252 2339 13
276 2300 433 2339 speculas
450 2301 477 2330 L
495 2313 502 2331 ε
525 2303 663 2340 specula
679 2302 800 2333 DU‘T‘
892 2314 927 2343 17
955 2310 988 2334 ut
1004 2306 1048 2338 B:
1073 2310 1105 2335 et
1122 2305 1157 2334 D
1248 2307 1285 2336 18
1309 2308 1485 2345 capiuntur
1499 2307 1535 2336 D

215 2354 253 2381 19
277 2354 349 2373 cum
369 2344 425 2373 del.
445 2344 600 2374 Fleisclzer
688 2346 830 2377 Ucubim
848 2348 889 2380 B:
918 2348 1095 2378 Ucumbim
1114 2348 1148 2378 D
1287 2360 1329 2379 20
1353 2355 1387 2379 ut
1406 2349 1531 2380 DL'T:

210 2398 275 2417 om.
299 2387 330 2416 V
421 2387 593 2418 habuisset
615 2387 645 2416 1⁷
731 2392 772 2418 26
798 2391 860 2420 loci
879 2391 1107 2421 difficultatem
1125 2391 1240 2421 seclusi
1330 2403 1369 2431 27
1396 2393 1532 2423 difficul-

211 2434 281 2459 tate
297 2429 485 2470 Iloffimmn

1568 515 1584 545 5

1568 838 1607 860 10

1565 1162 1602 1193 Ι5

1563 1482 1603 1503 20

271 1790 392 1838 Quod
414 1790 638 1840 Pompeius,
661 1792 769 1841 quod
796 1793 937 1831 eodem
964 1783 1055 1842 iugo
1079 1794 1282 1843 tegebatur
1303 1794 1379 1832 loci
1404 1802 1540 1833 natura
1562 1806 1598 1837 25
