1705 2729
609 125 844 163 INCERTI
877 125 1157 163 AVCTORIS

223 236 462 275 munitiones
483 243 752 287 processerant
768 236 939 287 †quique
960 235 1175 287 pabulandi
1191 244 1257 276 aut
1272 237 1469 288 lignandi†
1482 248 1548 278 aut

222 303 338 341 etiam
359 302 563 340 muniendi
584 302 704 352 gratia
724 303 868 340 vallum
889 302 1080 352 petierant
1097 316 1277 353 quaeque
1292 304 1343 343 ad
1359 317 1446 343 eam
1467 318 1548 343 rem

221 380 319 417 opus
347 374 466 414 erant,
489 367 617 405 omnis
647 366 746 405 intra
776 367 1014 405 munitiones
1045 367 1266 406 minutatim
1292 370 1550 418 modesteque

220 432 304 470 sine
336 434 505 470 tumultu
537 439 603 469 aut
639 440 781 470 terrore
812 445 853 470 se
884 432 1055 481 recipcre
1089 440 1206 482 atque
1240 432 1280 470 in
1311 447 1428 483 opere
1460 446 1550 472 con-

185 509 198 530 2
220 496 364 535 sistere.
426 496 635 546 Equitibus
664 505 796 535 autem
825 497 890 546 qui
920 497 960 534 in
990 497 1157 535 statione
1184 499 1335 536 fuerant
1362 498 1550 548 praecipit
1570 513 1586 544 5

220 569 262 599 ut
291 575 416 610 usque
446 574 494 599 eo
524 563 654 599 locum
681 561 902 600 obtinerent
930 561 969 599 in
996 575 1076 612 quo
1103 564 1220 612 paulo
1244 570 1334 602 ante
1359 563 1550 601 constitis-

220 634 306 664 sent
327 627 455 664 donec
476 626 525 664 ab
547 627 660 665 hoste
681 628 803 665 telum
831 626 992 664 missum
1020 628 1071 665 ad
1099 641 1139 665 se
1167 628 1411 677 perveniret;
1441 629 1550 678 quod

219 691 251 728 si
282 691 441 741 propius
472 692 734 738 accederetur,
768 705 885 741 quam
914 692 1189 730 honestissime
1219 706 1260 731 se
1294 693 1393 731 intra
1427 694 1550 731 muni-

182 768 199 798 3
221 755 346 794 tiones
367 755 592 806 reciperent.
652 755 730 793 Alii
751 769 911 806 quoque
931 756 1121 806 equitatui
1142 756 1260 795 edicit
1281 757 1337 795 uti
1357 771 1428 796 suo
1449 757 1550 808 quis-

180 837 199 866 4
221 835 297 870 que
327 822 415 859 loco
445 828 600 871 paratus
629 828 881 870 armatusque
910 828 1064 871 praesto
1094 829 1206 860 esset.
1265 824 1318 860 At
1348 824 1444 861 haec
1468 836 1549 861 non
1573 837 1610 859 ιο

220 886 303 935 ipse
323 899 392 935 per
412 898 452 923 se
473 898 616 931 coram,
632 898 723 923 cum
740 885 789 923 de
805 886 906 923 vallo
928 887 1274 935 prospecularetur,
1293 887 1363 925 sed
1383 886 1549 925 mirabili

219 949 365 1000 peritus
386 948 549 987 scientia
565 948 739 988 bellandi
760 948 799 986 in
821 949 1014 999 praetorio
1035 950 1177 989 sedens
1197 964 1266 1000 per
1286 952 1549 1001 speculatores

181 1031 198 1062 5
219 1023 257 1053 et
292 1014 449 1053 nuntios
480 1014 698 1064 imperabat
730 1027 832 1064 quae
861 1014 943 1053 fieri
973 1016 1139 1054 volebat.
1200 1015 1550 1055 Animadvertebat

219 1080 334 1127 enim,
351 1093 592 1130 quamquam
611 1080 760 1130 magnis
782 1088 912 1119 essent
932 1081 1056 1130 copiis
1076 1081 1285 1120 adversarii
1306 1082 1402 1129 freti,
1418 1090 1549 1121 tamen

219 1158 335 1195 saepe
361 1158 384 1183 a
411 1157 452 1183 se
479 1144 631 1194 fugatis,
653 1145 775 1194 pulsis
799 1145 1090 1196 perterritisque
1114 1154 1152 1185 et
1180 1159 1408 1185 concessam
1429 1147 1548 1185 vitam
1572 1161 1607 1192 15

219 1217 256 1248 et
278 1210 410 1259 ignota
430 1217 616 1259 peccata3
646 1210 789 1260 quibus
814 1211 930 1249 rebus
955 1224 1171 1261 numquam
1193 1219 1299 1250 tanta
1326 1219 1550 1262 suppeteret

219 1288 265 1313 ex
290 1274 463 1325 ipsorum
494 1274 631 1313 inertia
658 1274 978 1326 conscientiaque
998 1276 1119 1314 animi
1140 1276 1323 1315 victoriae
1344 1276 1488 1315 fiducia
1508 1284 1549 1315 ut

180 1349 200 1380 6
220 1347 343 1378 castra
364 1353 433 1377 sua
453 1339 595 1378 adoriri
616 1340 816 1378 auderent.
860 1342 1063 1379 Praeterea
1084 1341 1204 1391 ipsius
1221 1354 1367 1380 nomen
1387 1341 1550 1380 auctori-

220 1411 357 1454 tasque
380 1417 521 1454 magna
542 1417 587 1442 ex
608 1411 717 1454 parte
738 1418 872 1443 eorum
895 1405 1084 1444 exercitus
1106 1405 1309 1444 minuebat
1329 1406 1545 1445 audaciam.

183 1479 198 1511 7
219 1470 323 1506 Tum
346 1467 521 1518 egregiae
542 1469 781 1507 munitiones
803 1477 1016 1508 castrorum
1037 1478 1156 1520 atque
1171 1470 1260 1508 valli
1277 1473 1549 1521 fossarumque
1571 1488 1609 1509 20

217 1533 384 1572 altitudo
416 1541 454 1572 et
489 1541 593 1572 extra
627 1536 771 1572 vallum
807 1534 882 1573 stili
917 1535 1023 1573 caeci
1058 1535 1276 1574 mirabilem
1310 1536 1350 1574 in
1384 1537 1548 1575 modum

218 1599 359 1637 consiti
393 1599 454 1637 vel
488 1598 572 1637 sine
607 1599 880 1638 defensoribus
914 1600 1066 1639 aditum
1104 1600 1332 1639 adversariis
1370 1601 1550 1651 prohibe-

218 1665 312 1702 bant
329 1679 337 1702 :
365 1663 628 1714 scorpionum,
645 1667 930 1715 catapultarum
946 1672 1245 1716 ceterorumque
1266 1668 1432 1705 telorum
1448 1679 1549 1716 quae

217 1730 268 1767 ad
303 1730 601 1768 defendendum
636 1731 763 1768 solent
796 1730 921 1780 parari
955 1744 1137 1781 magnam
1173 1731 1328 1781 copiam
1363 1731 1545 1769 habebat.

180 1804 197 1833 8
218 1796 350 1843 Atque
373 1795 471 1832 haec
501 1801 659 1844 propter
688 1794 878 1832 exercitus
909 1794 967 1832 sui
998 1795 1212 1845 praesentis
1241 1795 1479 1845 paucitatem
1510 1802 1548 1833 et
1570 1808 1607 1838 ²5

218 1859 439 1897 tirocinium
479 1866 784 1908 praeparaverat,
819 1873 899 1897 non
938 1859 1111 1897 hostium
1146 1859 1182 1897 vi
1222 1867 1259 1898 et
1298 1867 1405 1898 metu
1445 1873 1550 1897 com-

218 1931 347 1961 motus
364 1923 578 1973 patientem
595 1936 636 1961 se
652 1923 915 1973 timidumque
931 1924 1103 1962 hostium
1124 1924 1301 1974 opinioni
1322 1925 1545 1974 praebebat.

179 2001 198 2031 9
219 1990 360 2037 Neque
380 1988 526 2025 idcirco
547 1987 692 2037 copias,
715 2001 957 2038 quamquam
983 1996 1092 2027 erant
1115 2002 1264 2039 paucae
1284 1988 1545 2039 tironumque,

218 2066 297 2090 non
332 2052 525 2091 educebat
560 2052 599 2089 in
630 2051 755 2090 aciem
790 2053 856 2102 qui
895 2052 1080 2092 victoriae
1117 2066 1210 2091 suae
1252 2053 1455 2100 diffideret,
1478 2054 1548 2091 sed

218 2118 356 2154 referre
385 2116 653 2163 arbitrabatur,
677 2116 901 2155 cuiusmodi
925 2117 1086 2155 victoria
1115 2125 1217 2155 esset
1247 2119 1401 2165 futura3
1435 2126 1547 2168 turpe
1566 2131 1607 2161 30

218 2181 322 2219 enim
350 2180 423 2218 sibi
448 2180 694 2219 existimabat
724 2188 781 2219 tot
811 2181 926 2219 rebus
951 2181 1068 2231 gestis
1093 2181 1290 2230 tantisque
1315 2181 1547 2220 exercitibus

264 2294 276 2314 1
302 2284 428 2322 quique
455 2282 512 2314 del.
543 2282 721 2324 Nipperdey
868 2287 944 2324 post
970 2283 1121 2324 lignandi
1149 2283 1224 2315 add.
1251 2294 1349 2315 causa
1373 2285 1554 2325 Nipperdey

216 2337 235 2357 2
259 2327 380 2357 vallum
398 2326 512 2356 Aldus
527 2338 533 2357 :
556 2327 676 2357 vallem
694 2326 731 2356 X
876 2338 1030 2367 quaeque
1047 2327 1180 2359 Aldus:
1204 2329 1327 2368 quique
1344 2328 1381 2358 X
1511 2337 1551 2366 27

217 2371 401 2409 patientem
421 2370 607 2400 ciacconius
623 2382 629 2400 :
653 2372 839 2410 sapientem
853 2370 891 2400 X
975 2382 1018 2410 29
1042 2372 1097 2410 qui
1115 2371 1192 2402 DT‘
1207 2383 1213 2402 :
1238 2373 1314 2410 quia
1330 2371 1380 2402 E:
1405 2373 1494 2411 quod
1510 2371 1551 2401 L'

216 2424 350 2444 suorum
367 2416 390 2447 β
523 2424 565 2452 30
589 2420 660 2444 erat
678 2419 820 2445 ventura
837 2414 882 2443 D'
