1705 2729
448 145 521 181 DE
552 144 732 182 BELLO
762 145 939 183 CIVILI
972 145 1072 182 LIB.
1108 145 1125 182 I

124 267 147 291 a
180 253 377 303 colloquio
411 253 551 293 Canini
585 254 779 304 digressus
817 255 867 293 ad
907 254 1139 304 Pompeium
1173 255 1439 305 proficiscitur.

126 320 248 357 Paulo
280 325 369 368 post
395 318 598 365 renuntiat,
629 320 736 368 quod
766 320 947 357 consules
976 318 1116 365 absint,
1148 319 1231 357 sine
1261 318 1334 357 illis
1362 333 1441 358 non

123 397 238 434 posse
258 382 318 433 agi
338 383 388 421 de
409 382 704 432 compositione.
767 384 827 420 Ita
847 382 1000 432 saepius
1021 396 1101 421 rem
1123 384 1260 421 frustra
1281 390 1442 433 tempta-

124 456 201 485 tam
232 449 375 487 Caesar
398 446 611 496 aliquando
632 446 906 486 dimittendam
929 446 1002 485 sibi
1022 446 1169 486 iudicat
1196 455 1234 486 et
1260 449 1310 486 de
1338 448 1442 486 bello

85 523 101 554 5
121 515 327 565 agendum.

177 581 302 628 Prope
326 577 489 617 dimidia
519 585 627 627 parte
654 577 780 628 operis
807 591 830 616 a
861 579 1027 617 Caesare
1057 578 1194 615 effecta
1223 576 1442 626 diebusque
1461 588 1509 626 27

122 643 160 681 in
196 656 241 681 ea
272 656 311 680 re
345 642 587 691 consumptis
620 655 724 689 V1111,
756 656 874 680 naves
905 656 928 680 a
958 641 1185 680 consulibus
1226 641 1442 690 Dyrrachio

121 706 313 754 remissae,
337 720 436 756 quae
466 706 634 757 priorem
662 714 811 757 partem
841 706 1030 745 exercitus
1057 719 1105 744 eo
1129 707 1439 755 deportaverant,

123 772 373 811 Brundisium
395 780 646 811 revertuntur.
718 772 940 823 Pompeius,
960 772 1039 810 sive
1059 771 1242 822 operibus
1264 771 1441 811 Caesaris
1463 786 1477 807 2

66 854 102 875 10
121 844 319 888 permotus
354 836 433 875 sive
468 836 584 875 etiarn
619 838 727 887 quod
758 838 808 875 ab
840 836 950 875 initio
987 836 1099 874 Italia
1130 837 1318 875 excedere
1352 850 1442 874 con-

121 901 306 948 stituerat,
340 903 511 940 adventu
547 902 704 940 navium
739 901 1024 951 profectionem
1058 914 1191 951 parare
1224 899 1359 950 incipit
1391 907 1439 946 et,

120 980 200 1016 quo
230 966 380 1004 facilius
410 966 600 1016 impetum
632 967 810 1006 Caesaris
841 968 1020 1013 tardaret,
1053 979 1103 1003 ne
1139 966 1212 1003 sub
1245 965 1328 1015 ipsa
1357 978 1442 1014 pro-
1463 978 1480 1007 3

120 1030 289 1069 fectione
310 1030 451 1069 milites
472 1031 663 1080 oppidum
692 1030 957 1080 irrumperent,
981 1037 1111 1080 portas
1136 1029 1312 1076 obstruit,
1335 1029 1442 1067 vicos

118 1097 346 1146 plateasque
394 1095 628 1142 inaedificat,
669 1097 791 1134 fossas
840 1103 1074 1133 transversas
1122 1093 1192 1132 viis
1240 1093 1442 1143 praeducit

64 1170 100 1201 15
119 1167 237 1210 atque
266 1159 320 1198 ibi
350 1159 457 1198 sudis
488 1160 717 1210 stipitesque
747 1167 976 1210 praeacutos
1006 1159 1149 1208 defigit.
1211 1160 1325 1196 Haec
1354 1157 1442 1196 levi·
1461 1169 1480 1198 4

120 1225 192 1264 bus
214 1224 382 1263 cratibus
405 1232 582 1274 terraque
604 1224 812 1274 inaequat3
842 1224 972 1263 aditus
1001 1231 1133 1262 autern
1160 1230 1278 1272 atque
1305 1222 1442 1260 itinera

119 1290 210 1336 duo,
227 1302 328 1338 quae
349 1296 453 1327 extra
476 1303 629 1327 murum
650 1290 701 1327 ad
722 1296 878 1338 portum
900 1288 1087 1334 ferebant,
1104 1286 1282 1325 maximis
1304 1286 1441 1325 defixis

119 1352 293 1391 trabibus
320 1360 437 1403 atque
468 1353 522 1391 eis
546 1353 763 1403 praeacutis
791 1352 994 1402 praesepit.
1057 1351 1132 1390 His
1160 1351 1301 1401 paratis
1326 1351 1441 1389 rebus
1461 1361 1478 1392 5

119 1416 259 1455 milites
280 1416 434 1455 silentio
456 1416 563 1455 navis
585 1418 851 1455 conscendere
875 1416 993 1463 iubet,
1017 1415 1219 1465 expeditos
1243 1423 1375 1454 autem
1396 1429 1442 1454 ex

63 1491 101 1512 20
119 1481 299 1529 evocatis,
324 1481 526 1531 sagittariis
555 1481 898 1531 funditoribusque
928 1494 1032 1519 raros
1057 1480 1096 1518 in
1124 1493 1235 1518 muro
1261 1479 1443 1518 turribus-

118 1559 195 1596 que
228 1545 411 1596 disponit.
474 1548 562 1584 Hos
597 1553 703 1584 certo
741 1545 853 1595 signo
891 1558 1072 1583 revocare
1104 1543 1316 1591 constituit,
1350 1558 1441 1582 cum
1461 1548 1480 1579 6

118 1623 254 1648 omnes
276 1610 417 1649 milites
439 1610 547 1649 navis
568 1610 902 1657 conscendissent,
926 1616 1044 1659 atque
1071 1608 1126 1648 eis
1147 1608 1330 1658 expedito
1351 1610 1440 1647 loco

117 1674 287 1712 actuaria
307 1674 458 1725 navigia
478 1674 670 1725 relinquit.

173 1739 399 1778 Brundisini
429 1739 759 1790 Pompeianorum
790 1738 957 1777 militum
993 1737 1140 1776 iniuriis
1171 1745 1289 1787 atque
1319 1736 1440 1787 ipsius
1459 1742 1510 1779 28

61 1812 97 1844 25
119 1803 282 1853 Pompei
312 1804 560 1843 contumeliis
581 1803 748 1854 permoti
769 1803 946 1843 Caesaris
971 1803 1086 1841 rebus
1113 1802 1306 1840 favebant.
1367 1804 1441 1840 Ita·
1463 1818 1478 1838 2

117 1881 194 1917 que
223 1868 380 1918 cognita
410 1868 573 1918 Pompei
602 1868 844 1919 profectione
866 1866 1190 1907 concursantibus
1220 1866 1293 1905 illis
1322 1873 1440 1916 atque

117 1932 156 1970 in
183 1946 228 1971 ea
251 1947 290 1971 re
315 1932 515 1983 occupatis
535 1934 651 1982 vulgo
681 1947 727 1971 ex
756 1932 868 1971 tectis
895 1932 1178 1983 significabant.
1238 1933 1311 1969 Per
1340 1945 1440 1981 quos

117 2010 156 2035 re
185 1997 341 2047 cognita
370 1999 515 2037 Caesar
539 1999 661 2036 scalas
686 1997 809 2048 parari
831 1997 1053 2047 militesque
1080 1995 1219 2035 armari
1248 1995 1367 2043 iubet,
1390 2010 1440 2034 ne

117 2074 234 2110 quam
273 2061 326 2100 rei
363 2063 557 2111 gerendae
594 2063 819 2100 facultatem
858 2061 1038 2100 dimittat.
1117 2060 1328 2111 Pompeius
1366 2060 1440 2099 sub

60 2137 99 2167 30
117 2133 274 2164 noctem
305 2125 413 2164 navis
448 2125 570 2164 solvit.
632 2125 711 2174 Qui
742 2133 850 2164 erant
880 2125 919 2164 in
949 2139 1061 2164 muro
1092 2125 1295 2163 custodiae
1323 2138 1441 2163 causa
1460 2137 1478 2166 3

117 2189 296 2228 collocati
333 2203 381 2228 eo
419 2189 530 2239 signo
569 2190 678 2240 quod
715 2197 952 2229 convenerat
989 2196 1220 2228 revocantur
1257 2188 1439 2239 notisque

164 2302 200 2331 14
224 2293 332 2324 fossas
348 2293 416 2324 Er:
455 2304 492 2323 ac
517 2293 625 2324 fossas
642 2295 664 2328 β
745 2294 977 2324 inaedificatae
1007 2293 1116 2324 fossas
1141 2293 1176 2323 D
1298 2303 1340 2323 20
1365 2295 1441 2332 post

117 2337 263 2367 evocatis
279 2336 353 2367 add.
369 2347 443 2367 cum
456 2337 592 2377 Koechly
723 2338 764 2368 28
788 2347 898 2377 neque
916 2337 964 2368 rei
982 2336 1026 2366 D'
1147 2347 1189 2376 29
1206 2336 1377 2366 dimittant
1394 2335 1439 2365 D'

117 2388 155 2417 31
182 2380 270 2410 notis
287 2390 319 2409 r:
348 2380 457 2411 noctis
474 2379 510 2410 X

159 2443 251 2466 CAEs.
273 2445 337 2466 13.c.
1332 2435 1350 2463 2
