<?xml version="1.0" encoding="UTF-8"?>
<!DOCTYPE html PUBLIC "-//W3C//DTD XHTML 1.0 Transitional//EN"
    "http://www.w3.org/TR/xhtml1/DTD/xhtml1-transitional.dtd">
<html xmlns="http://www.w3.org/1999/xhtml" xml:lang="en" lang="en">
 <head>
  <title>
</title>
<meta http-equiv="Content-Type" content="text/html;charset=utf-8" />
  <meta name='ocr-system' content='tesseract 3.04.00' />
  <meta name='ocr-capabilities' content='ocr_page ocr_carea ocr_par ocr_line ocrx_word'/>
</head>
<body>
  <div class='ocr_page' id='page_1' title='image "./commentariorumpa02caesuoft_0189.png"; bbox 0 0 1705 2729; ppageno 0'>
   <div class='ocr_carea' id='block_1_1' title="bbox 355 141 1281 180">
    <p class='ocr_par' dir='ltr' id='par_1_1' title="bbox 355 141 1281 180">
     <span class='ocr_line' id='line_1_1' title="bbox 355 141 1281 180; baseline -0.002 -1"><span class='ocrx_word' id='word_1_1' title='bbox 355 143 429 180; x_wconf 91' lang='lat' dir='ltr'><strong>DE</strong></span> <span class='ocrx_word' id='word_1_2' title='bbox 459 143 637 180; x_wconf 90' lang='lat' dir='ltr'>BELLO</span> <span class='ocrx_word' id='word_1_3' title='bbox 666 141 1081 179; x_wconf 88' lang='lat' dir='ltr'><strong>ALEXANDRINO</strong></span> <span class='ocrx_word' id='word_1_4' title='bbox 1112 141 1281 178; x_wconf 85' lang='lat' dir='ltr'><strong>LIBER</strong></span> 
     </span>
    </p>
   </div>
   <div class='ocr_carea' id='block_1_2' title="bbox 92 248 1542 2294">
    <p class='ocr_par' dir='ltr' id='par_1_2' title="bbox 94 248 1537 1958">
     <span class='ocr_line' id='line_1_2' title="bbox 158 248 1475 301; baseline -0.002 -13"><span class='ocrx_word' id='word_1_5' title='bbox 158 251 348 301; x_wconf 87' lang='lat' dir='ltr'><strong>proelium</strong></span> <span class='ocrx_word' id='word_1_6' title='bbox 379 250 468 289; x_wconf 87' lang='lat' dir='ltr'><strong>fecit</strong></span> <span class='ocrx_word' id='word_1_7' title='bbox 502 259 544 288; x_wconf 89' lang='lat' dir='ltr'><strong>ut</strong></span> <span class='ocrx_word' id='word_1_8' title='bbox 575 250 780 289; x_wconf 83' lang='lat' dir='ltr'><strong>moenibus</strong></span> <span class='ocrx_word' id='word_1_9' title='bbox 819 248 955 299; x_wconf 84' lang='lat' dir='ltr'>oppidi</span> <span class='ocrx_word' id='word_1_10' title='bbox 994 250 1220 287; x_wconf 77' lang='lat' dir='ltr'><strong>succederet</strong></span> <span class='ocrx_word' id='word_1_11' title='bbox 1251 250 1475 298; x_wconf 75' lang='lat' dir='ltr'><strong>fossamque</strong></span> 
     </span>
     <span class='ocr_line' id='line_1_3' title="bbox 159 312 1512 364; baseline -0.003 -11"><span class='ocrx_word' id='word_1_12' title='bbox 159 315 333 353; x_wconf 84' lang='lat' dir='ltr'><strong>transiret</strong></span> <span class='ocrx_word' id='word_1_13' title='bbox 366 328 598 364; x_wconf 76' lang='lat' dir='ltr'><strong>aversosque</strong></span> <span class='ocrx_word' id='word_1_14' title='bbox 637 314 758 353; x_wconf 84' lang='lat' dir='ltr'><strong>hostis</strong></span> <span class='ocrx_word' id='word_1_15' title='bbox 796 315 1077 363; x_wconf 76' lang='lat' dir='ltr'><strong>aggrederetur.</strong></span> <span class='ocrx_word' id='word_1_16' title='bbox 1136 315 1189 351; x_wconf 86' lang='lat' dir='ltr'><strong>At</strong></span> <span class='ocrx_word' id='word_1_17' title='bbox 1228 312 1391 351; x_wconf 86' lang='lat' dir='ltr'><strong>Pontica</strong></span> <span class='ocrx_word' id='word_1_18' title='bbox 1430 326 1475 350; x_wconf 78' lang='lat' dir='ltr'><strong>ex</strong></span> <span class='ocrx_word' id='word_1_19' title='bbox 1499 325 1512 344; x_wconf 87' lang='lat'><em>2</em></span> 
     </span>
     <span class='ocr_line' id='line_1_4' title="bbox 157 376 1473 428; baseline -0.002 -12"><span class='ocrx_word' id='word_1_20' title='bbox 157 380 275 417; x_wconf 88' lang='lat' dir='ltr'><strong>altera</strong></span> <span class='ocrx_word' id='word_1_21' title='bbox 308 386 414 428; x_wconf 91' lang='lat' dir='ltr'><strong>parte</strong></span> <span class='ocrx_word' id='word_1_22' title='bbox 445 379 555 428; x_wconf 88' lang='lat' dir='ltr'><strong>legio,</strong></span> <span class='ocrx_word' id='word_1_23' title='bbox 591 392 681 417; x_wconf 92' lang='lat' dir='ltr'><strong>cum</strong></span> <span class='ocrx_word' id='word_1_24' title='bbox 716 379 876 428; x_wconf 90' lang='lat' dir='ltr'><strong>paulum</strong></span> <span class='ocrx_word' id='word_1_25' title='bbox 910 391 1044 416; x_wconf 89' lang='lat' dir='ltr'><strong>aversa</strong></span> <span class='ocrx_word' id='word_1_26' title='bbox 1073 377 1253 416; x_wconf 83' lang='lat' dir='ltr'>hostibus</span> <span class='ocrx_word' id='word_1_27' title='bbox 1285 376 1473 422; x_wconf 76' lang='lat' dir='ltr'><strong>cessisset,</strong></span> 
     </span>
     <span class='ocr_line' id='line_1_5' title="bbox 157 441 1476 487; baseline -0.003 -6"><span class='ocrx_word' id='word_1_28' title='bbox 157 444 300 481; x_wconf 87' lang='lat' dir='ltr'><strong>fossam</strong></span> <span class='ocrx_word' id='word_1_29' title='bbox 329 450 458 480; x_wconf 84' lang='lat' dir='ltr'><strong>autem</strong></span> <span class='ocrx_word' id='word_1_30' title='bbox 493 442 695 480; x_wconf 87' lang='lat' dir='ltr'><strong>circumire</strong></span> <span class='ocrx_word' id='word_1_31' title='bbox 726 441 853 482; x_wconf 85' lang='lat' dir='ltr'><strong>†acies</strong></span> <span class='ocrx_word' id='word_1_32' title='bbox 884 442 1087 482; x_wconf 84' lang='lat' dir='ltr'><strong>secundo†</strong></span> <span class='ocrx_word' id='word_1_33' title='bbox 1117 448 1259 479; x_wconf 86' lang='lat' dir='ltr'><strong>conata</strong></span> <span class='ocrx_word' id='word_1_34' title='bbox 1289 448 1400 487; x_wconf 90' lang='lat' dir='ltr'><strong>esset,</strong></span> <span class='ocrx_word' id='word_1_35' title='bbox 1434 448 1476 477; x_wconf 87' lang='lat' dir='ltr'><strong>ut</strong></span> 
     </span>
     <span class='ocr_line' id='line_1_6' title="bbox 119 504 1476 557; baseline -0.002 -12"><span class='ocrx_word' id='word_1_36' title='bbox 119 520 135 551; x_wconf 88' lang='lat'>5</span> <span class='ocrx_word' id='word_1_37' title='bbox 156 514 289 557; x_wconf 88' lang='lat' dir='ltr'><strong>aperto</strong></span> <span class='ocrx_word' id='word_1_38' title='bbox 320 508 436 544; x_wconf 89' lang='lat' dir='ltr'><strong>latere</strong></span> <span class='ocrx_word' id='word_1_39' title='bbox 469 508 738 556; x_wconf 79' lang='lat' dir='ltr'><strong>aggrederetur</strong></span> <span class='ocrx_word' id='word_1_40' title='bbox 768 507 933 552; x_wconf 86' lang='lat' dir='ltr'><strong>hostem,</strong></span> <span class='ocrx_word' id='word_1_41' title='bbox 968 505 1006 543; x_wconf 91' lang='lat' dir='ltr'><strong>in</strong></span> <span class='ocrx_word' id='word_1_42' title='bbox 1039 505 1125 555; x_wconf 87' lang='lat' dir='ltr'><strong>ipso</strong></span> <span class='ocrx_word' id='word_1_43' title='bbox 1157 504 1319 543; x_wconf 88' lang='lat' dir='ltr'><strong>transitu</strong></span> <span class='ocrx_word' id='word_1_44' title='bbox 1350 506 1476 543; x_wconf 89' lang='lat' dir='ltr'><strong>fossae</strong></span> 
     </span>
     <span class='ocr_line' id='line_1_7' title="bbox 156 568 1475 620; baseline -0.003 -11"><span class='ocrx_word' id='word_1_45' title='bbox 156 572 309 609; x_wconf 80' lang='lat' dir='ltr'><strong>confixa</strong></span> <span class='ocrx_word' id='word_1_46' title='bbox 324 578 361 608; x_wconf 89' lang='lat' dir='ltr'><strong>et</strong></span> <span class='ocrx_word' id='word_1_47' title='bbox 382 584 566 620; x_wconf 87' lang='lat' dir='ltr'><strong>oppressa</strong></span> <span class='ocrx_word' id='word_1_48' title='bbox 585 578 653 608; x_wconf 90' lang='lat' dir='ltr'><strong>est.</strong></span> <span class='ocrx_word' id='word_1_49' title='bbox 714 569 889 608; x_wconf 83' lang='lat' dir='ltr'><strong>Deiotari</strong></span> <span class='ocrx_word' id='word_1_50' title='bbox 905 583 996 608; x_wconf 92' lang='lat' dir='ltr'><strong>vero</strong></span> <span class='ocrx_word' id='word_1_51' title='bbox 1009 569 1182 619; x_wconf 82' lang='lat' dir='ltr'><strong>legiones</strong></span> <span class='ocrx_word' id='word_1_52' title='bbox 1203 569 1265 607; x_wconf 83' lang='lat' dir='ltr'><strong>vix</strong></span> <span class='ocrx_word' id='word_1_53' title='bbox 1285 568 1475 619; x_wconf 89' lang='lat' dir='ltr'><strong>impetum</strong></span> 
     </span>
     <span class='ocr_line' id='line_1_8' title="bbox 156 633 1515 683; baseline -0.003 -10"><span class='ocrx_word' id='word_1_54' title='bbox 156 634 431 673; x_wconf 87' lang='lat' dir='ltr'><strong>sustinuerunt.</strong></span> <span class='ocrx_word' id='word_1_55' title='bbox 493 636 553 672; x_wconf 89' lang='lat' dir='ltr'><strong>Ita</strong></span> <span class='ocrx_word' id='word_1_56' title='bbox 576 633 751 672; x_wconf 84' lang='lat' dir='ltr'><strong>victrices</strong></span> <span class='ocrx_word' id='word_1_57' title='bbox 776 633 902 683; x_wconf 79' lang='lat' dir='ltr'><strong>regiae</strong></span> <span class='ocrx_word' id='word_1_58' title='bbox 929 633 1066 683; x_wconf 88' lang='lat' dir='ltr'><strong>copiae</strong></span> <span class='ocrx_word' id='word_1_59' title='bbox 1093 647 1215 672; x_wconf 89' lang='lat' dir='ltr'><strong>cornu</strong></span> <span class='ocrx_word' id='word_1_60' title='bbox 1244 647 1315 672; x_wconf 88' lang='lat' dir='ltr'><strong>suo</strong></span> <span class='ocrx_word' id='word_1_61' title='bbox 1340 634 1476 671; x_wconf 79' lang='lat' dir='ltr'><strong>dextro</strong></span> <span class='ocrx_word' id='word_1_62' title='bbox 1498 646 1515 676; x_wconf 79' lang='lat'>3</span> 
     </span>
     <span class='ocr_line' id='line_1_9' title="bbox 157 697 1475 748; baseline -0.002 -11"><span class='ocrx_word' id='word_1_63' title='bbox 157 698 364 748; x_wconf 91' lang='lat' dir='ltr'><strong>mediaque</strong></span> <span class='ocrx_word' id='word_1_64' title='bbox 384 698 467 736; x_wconf 90' lang='lat' dir='ltr'><strong>acie</strong></span> <span class='ocrx_word' id='word_1_65' title='bbox 487 706 761 736; x_wconf 88' lang='lat' dir='ltr'><strong>converterunt</strong></span> <span class='ocrx_word' id='word_1_66' title='bbox 787 712 827 736; x_wconf 88' lang='lat' dir='ltr'><strong>se</strong></span> <span class='ocrx_word' id='word_1_67' title='bbox 857 699 908 736; x_wconf 91' lang='lat' dir='ltr'><strong>ad</strong></span> <span class='ocrx_word' id='word_1_68' title='bbox 928 710 1072 735; x_wconf 82' lang='lat' dir='ltr'><strong>XXXVI.</strong></span> <span class='ocrx_word' id='word_1_69' title='bbox 1096 697 1302 747; x_wconf 83' lang='lat' dir='ltr'><strong>legionem.</strong></span> <span class='ocrx_word' id='word_1_70' title='bbox 1363 698 1475 745; x_wconf 84' lang='lat' dir='ltr'><strong>Quae</strong></span> 
     </span>
     <span class='ocr_line' id='line_1_10' title="bbox 157 761 1476 811; baseline -0.002 -10"><span class='ocrx_word' id='word_1_71' title='bbox 157 770 288 801; x_wconf 90' lang='lat' dir='ltr'><strong>tamen</strong></span> <span class='ocrx_word' id='word_1_72' title='bbox 309 762 455 800; x_wconf 86' lang='lat' dir='ltr'><strong>fortiter</strong></span> <span class='ocrx_word' id='word_1_73' title='bbox 480 761 719 800; x_wconf 87' lang='lat' dir='ltr'><strong>vincentium</strong></span> <span class='ocrx_word' id='word_1_74' title='bbox 750 761 941 811; x_wconf 89' lang='lat' dir='ltr'><strong>impetum</strong></span> <span class='ocrx_word' id='word_1_75' title='bbox 963 761 1157 809; x_wconf 88' lang='lat' dir='ltr'><strong>sustinuit,</strong></span> <span class='ocrx_word' id='word_1_76' title='bbox 1182 761 1331 811; x_wconf 86' lang='lat' dir='ltr'><strong>magnis</strong></span> <span class='ocrx_word' id='word_1_77' title='bbox 1353 761 1476 810; x_wconf 88' lang='lat' dir='ltr'><strong>copiis</strong></span> 
     </span>
     <span class='ocr_line' id='line_1_11' title="bbox 100 825 1474 876; baseline -0.001 -12"><span class='ocrx_word' id='word_1_78' title='bbox 100 839 139 861; x_wconf 91' lang='lat'><strong>10</strong></span> <span class='ocrx_word' id='word_1_79' title='bbox 157 826 327 865; x_wconf 87' lang='lat' dir='ltr'><strong>hostium</strong></span> <span class='ocrx_word' id='word_1_80' title='bbox 349 826 587 864; x_wconf 90' lang='lat' dir='ltr'><strong>circumdata</strong></span> <span class='ocrx_word' id='word_1_81' title='bbox 603 825 919 876; x_wconf 88' lang='lat' dir='ltr'><strong>praesentissimo</strong></span> <span class='ocrx_word' id='word_1_82' title='bbox 934 825 1067 864; x_wconf 89' lang='lat' dir='ltr'><strong>animo</strong></span> <span class='ocrx_word' id='word_1_83' title='bbox 1088 839 1266 875; x_wconf 86' lang='lat' dir='ltr'><strong>pugnans</strong></span> <span class='ocrx_word' id='word_1_84' title='bbox 1280 825 1319 863; x_wconf 92' lang='lat' dir='ltr'><strong>in</strong></span> <span class='ocrx_word' id='word_1_85' title='bbox 1340 826 1474 863; x_wconf 90' lang='lat' dir='ltr'><strong>orbem</strong></span> 
     </span>
     <span class='ocr_line' id='line_1_12' title="bbox 157 889 1474 940; baseline -0.001 -12"><span class='ocrx_word' id='word_1_86' title='bbox 157 904 197 929; x_wconf 92' lang='lat' dir='ltr'><strong>se</strong></span> <span class='ocrx_word' id='word_1_87' title='bbox 230 890 375 940; x_wconf 88' lang='lat' dir='ltr'><strong>recepit</strong></span> <span class='ocrx_word' id='word_1_88' title='bbox 412 891 462 929; x_wconf 90' lang='lat' dir='ltr'><strong>ad</strong></span> <span class='ocrx_word' id='word_1_89' title='bbox 501 891 649 929; x_wconf 87' lang='lat' dir='ltr'><strong>radices</strong></span> <span class='ocrx_word' id='word_1_90' title='bbox 684 890 902 938; x_wconf 65' lang='lat' dir='ltr'><strong>montium,</strong></span> <span class='ocrx_word' id='word_1_91' title='bbox 942 904 1023 939; x_wconf 93' lang='lat' dir='ltr'><strong>quo</strong></span> <span class='ocrx_word' id='word_1_92' title='bbox 1063 891 1283 928; x_wconf 86' lang='lat' dir='ltr'><strong>Pharnaces</strong></span> <span class='ocrx_word' id='word_1_93' title='bbox 1322 889 1474 938; x_wconf 84' lang='lat' dir='ltr'><strong>insequi</strong></span> 
     </span>
     <span class='ocr_line' id='line_1_13' title="bbox 155 954 1516 1005; baseline 0 -13"><span class='ocrx_word' id='word_1_94' title='bbox 155 963 311 1005; x_wconf 88' lang='lat' dir='ltr'><strong>propter</strong></span> <span class='ocrx_word' id='word_1_95' title='bbox 332 955 576 1005; x_wconf 86' lang='lat' dir='ltr'><strong>iniquitatem</strong></span> <span class='ocrx_word' id='word_1_96' title='bbox 604 955 680 994; x_wconf 91' lang='lat' dir='ltr'><strong>loci</strong></span> <span class='ocrx_word' id='word_1_97' title='bbox 707 955 843 993; x_wconf 85' lang='lat' dir='ltr'><strong>noluit.</strong></span> <span class='ocrx_word' id='word_1_98' title='bbox 904 956 965 992; x_wconf 91' lang='lat' dir='ltr'><strong>Ita</strong></span> <span class='ocrx_word' id='word_1_99' title='bbox 993 954 1157 993; x_wconf 89' lang='lat' dir='ltr'><strong>Pontica</strong></span> <span class='ocrx_word' id='word_1_100' title='bbox 1177 954 1330 1004; x_wconf 85' lang='lat' dir='ltr'><strong>legione</strong></span> <span class='ocrx_word' id='word_1_101' title='bbox 1351 968 1475 1003; x_wconf 86' lang='lat' dir='ltr'><strong>paene</strong></span> <span class='ocrx_word' id='word_1_102' title='bbox 1496 967 1516 996; x_wconf 90' lang='lat'>4</span> 
     </span>
     <span class='ocr_line' id='line_1_14' title="bbox 155 1018 1472 1069; baseline -0.001 -13"><span class='ocrx_word' id='word_1_103' title='bbox 155 1026 237 1057; x_wconf 89' lang='lat' dir='ltr'><strong>tota</strong></span> <span class='ocrx_word' id='word_1_104' title='bbox 256 1019 407 1066; x_wconf 85' lang='lat' dir='ltr'><strong>amissa,</strong></span> <span class='ocrx_word' id='word_1_105' title='bbox 431 1033 571 1069; x_wconf 85' lang='lat' dir='ltr'><strong>magna</strong></span> <span class='ocrx_word' id='word_1_106' title='bbox 591 1026 698 1069; x_wconf 88' lang='lat' dir='ltr'><strong>parte</strong></span> <span class='ocrx_word' id='word_1_107' title='bbox 721 1018 895 1057; x_wconf 89' lang='lat' dir='ltr'><strong>Deiotari</strong></span> <span class='ocrx_word' id='word_1_108' title='bbox 917 1018 1085 1056; x_wconf 89' lang='lat' dir='ltr'><strong>militum</strong></span> <span class='ocrx_word' id='word_1_109' title='bbox 1106 1018 1308 1056; x_wconf 88' lang='lat' dir='ltr'><strong>interfecta</strong></span> <span class='ocrx_word' id='word_1_110' title='bbox 1328 1030 1472 1055; x_wconf 78' lang='lat' dir='ltr'>xxxvl.</span> 
     </span>
     <span class='ocr_line' id='line_1_15' title="bbox 154 1082 1476 1134; baseline -0.002 -13"><span class='ocrx_word' id='word_1_111' title='bbox 154 1083 255 1134; x_wconf 89' lang='lat' dir='ltr'><strong>legio</strong></span> <span class='ocrx_word' id='word_1_112' title='bbox 284 1083 323 1121; x_wconf 89' lang='lat' dir='ltr'><strong>in</strong></span> <span class='ocrx_word' id='word_1_113' title='bbox 353 1085 438 1122; x_wconf 87' lang='lat' dir='ltr'><strong>loca</strong></span> <span class='ocrx_word' id='word_1_114' title='bbox 467 1097 507 1122; x_wconf 92' lang='lat' dir='ltr'><strong>se</strong></span> <span class='ocrx_word' id='word_1_115' title='bbox 537 1084 735 1134; x_wconf 85' lang='lat' dir='ltr'><strong>superiora</strong></span> <span class='ocrx_word' id='word_1_116' title='bbox 767 1083 933 1122; x_wconf 90' lang='lat' dir='ltr'><strong>contulit</strong></span> <span class='ocrx_word' id='word_1_117' title='bbox 962 1097 1043 1121; x_wconf 89' lang='lat' dir='ltr'><strong>non</strong></span> <span class='ocrx_word' id='word_1_118' title='bbox 1076 1082 1245 1132; x_wconf 88' lang='lat' dir='ltr'><strong>amplius</strong></span> <span class='ocrx_word' id='word_1_119' title='bbox 1274 1094 1350 1120; x_wconf 85' lang='lat' dir='ltr'><strong>CCL</strong></span> <span class='ocrx_word' id='word_1_120' title='bbox 1378 1082 1476 1120; x_wconf 88' lang='lat' dir='ltr'><strong>desi-</strong></span> 
     </span>
     <span class='ocr_line' id='line_1_16' title="bbox 97 1146 1513 1197; baseline -0.002 -11"><span class='ocrx_word' id='word_1_121' title='bbox 97 1158 135 1190; x_wconf 89' lang='lat'><strong>15</strong></span> <span class='ocrx_word' id='word_1_122' title='bbox 154 1147 307 1186; x_wconf 89' lang='lat' dir='ltr'><strong>deratis.</strong></span> <span class='ocrx_word' id='word_1_123' title='bbox 367 1147 605 1187; x_wconf 88' lang='lat' dir='ltr'><strong>Ceciderunt</strong></span> <span class='ocrx_word' id='word_1_124' title='bbox 625 1160 673 1186; x_wconf 92' lang='lat' dir='ltr'><strong>eo</strong></span> <span class='ocrx_word' id='word_1_125' title='bbox 694 1147 842 1197; x_wconf 91' lang='lat' dir='ltr'><strong>proelio</strong></span> <span class='ocrx_word' id='word_1_126' title='bbox 856 1146 1053 1197; x_wconf 89' lang='lat' dir='ltr'><strong>splendidi</strong></span> <span class='ocrx_word' id='word_1_127' title='bbox 1068 1154 1186 1196; x_wconf 89' lang='lat' dir='ltr'><strong>atque</strong></span> <span class='ocrx_word' id='word_1_128' title='bbox 1207 1146 1386 1184; x_wconf 86' lang='lat' dir='ltr'><strong>inlustres</strong></span> <span class='ocrx_word' id='word_1_129' title='bbox 1407 1146 1475 1184; x_wconf 92' lang='lat' dir='ltr'><strong>viri</strong></span> <span class='ocrx_word' id='word_1_130' title='bbox 1496 1159 1513 1191; x_wconf 87' lang='lat'>5</span> 
     </span>
     <span class='ocr_line' id='line_1_17' title="bbox 154 1211 1475 1261; baseline -0.001 -12"><span class='ocrx_word' id='word_1_131' title='bbox 154 1225 234 1250; x_wconf 90' lang='lat' dir='ltr'><strong>non</strong></span> <span class='ocrx_word' id='word_1_132' title='bbox 264 1211 370 1258; x_wconf 90' lang='lat' dir='ltr'><strong>nulli,</strong></span> <span class='ocrx_word' id='word_1_133' title='bbox 403 1211 552 1261; x_wconf 85' lang='lat' dir='ltr'><strong>equites</strong></span> <span class='ocrx_word' id='word_1_134' title='bbox 584 1211 766 1250; x_wconf 90' lang='lat' dir='ltr'><strong>Romani.</strong></span> <span class='ocrx_word' id='word_1_135' title='bbox 826 1213 919 1260; x_wconf 89' lang='lat' dir='ltr'><strong>Quo</strong></span> <span class='ocrx_word' id='word_1_136' title='bbox 948 1219 1080 1249; x_wconf 86' lang='lat' dir='ltr'><strong>tamen</strong></span> <span class='ocrx_word' id='word_1_137' title='bbox 1110 1211 1366 1249; x_wconf 90' lang='lat' dir='ltr'><strong>incommodo</strong></span> <span class='ocrx_word' id='word_1_138' title='bbox 1399 1212 1475 1249; x_wconf 93' lang='lat' dir='ltr'><strong>Do-</strong></span> 
     </span>
     <span class='ocr_line' id='line_1_18' title="bbox 155 1274 1475 1326; baseline -0.002 -12"><span class='ocrx_word' id='word_1_139' title='bbox 155 1275 285 1314; x_wconf 88' lang='lat' dir='ltr'><strong>mitius</strong></span> <span class='ocrx_word' id='word_1_140' title='bbox 305 1283 468 1326; x_wconf 85' lang='lat' dir='ltr'><strong>accepto</strong></span> <span class='ocrx_word' id='word_1_141' title='bbox 489 1275 669 1325; x_wconf 88' lang='lat' dir='ltr'><strong>reliquias</strong></span> <span class='ocrx_word' id='word_1_142' title='bbox 685 1275 874 1314; x_wconf 81' lang='lat' dir='ltr'><strong>exercitus</strong></span> <span class='ocrx_word' id='word_1_143' title='bbox 891 1274 1066 1324; x_wconf 87' lang='lat' dir='ltr'><strong>dissipati</strong></span> <span class='ocrx_word' id='word_1_144' title='bbox 1083 1274 1239 1325; x_wconf 87' lang='lat' dir='ltr'><strong>collegit</strong></span> <span class='ocrx_word' id='word_1_145' title='bbox 1260 1274 1475 1313; x_wconf 87' lang='lat' dir='ltr'><strong>itineribus-</strong></span> 
     </span>
     <span class='ocr_line' id='line_1_19' title="bbox 154 1339 1202 1390; baseline -0.002 -12"><span class='ocrx_word' id='word_1_146' title='bbox 154 1353 230 1390; x_wconf 91' lang='lat' dir='ltr'><strong>que</strong></span> <span class='ocrx_word' id='word_1_147' title='bbox 250 1340 341 1378; x_wconf 90' lang='lat' dir='ltr'><strong>tutis</strong></span> <span class='ocrx_word' id='word_1_148' title='bbox 363 1354 430 1390; x_wconf 90' lang='lat' dir='ltr'><strong>per</strong></span> <span class='ocrx_word' id='word_1_149' title='bbox 452 1340 746 1390; x_wconf 83' lang='lat' dir='ltr'><strong>Cappadociam</strong></span> <span class='ocrx_word' id='word_1_150' title='bbox 768 1354 809 1379; x_wconf 89' lang='lat' dir='ltr'><strong>se</strong></span> <span class='ocrx_word' id='word_1_151' title='bbox 829 1340 869 1378; x_wconf 93' lang='lat' dir='ltr'><strong>in</strong></span> <span class='ocrx_word' id='word_1_152' title='bbox 890 1339 1025 1378; x_wconf 87' lang='lat' dir='ltr'><strong>Asiam</strong></span> <span class='ocrx_word' id='word_1_153' title='bbox 1047 1339 1202 1390; x_wconf 87' lang='lat' dir='ltr'><strong>recepit.</strong></span> 
     </span>
     <span class='ocr_line' id='line_1_20' title="bbox 208 1404 1537 1454; baseline -0.002 -12"><span class='ocrx_word' id='word_1_154' title='bbox 208 1405 425 1442; x_wconf 87' lang='lat' dir='ltr'><strong>Pharnaces</strong></span> <span class='ocrx_word' id='word_1_155' title='bbox 446 1405 560 1443; x_wconf 89' lang='lat' dir='ltr'><strong>rebus</strong></span> <span class='ocrx_word' id='word_1_156' title='bbox 581 1404 762 1443; x_wconf 87' lang='lat' dir='ltr'><strong>secundis</strong></span> <span class='ocrx_word' id='word_1_157' title='bbox 783 1406 916 1452; x_wconf 88' lang='lat' dir='ltr'><strong>elatus,</strong></span> <span class='ocrx_word' id='word_1_158' title='bbox 938 1418 1028 1442; x_wconf 90' lang='lat' dir='ltr'><strong>cum</strong></span> <span class='ocrx_word' id='word_1_159' title='bbox 1050 1405 1100 1443; x_wconf 92' lang='lat' dir='ltr'><strong>de</strong></span> <span class='ocrx_word' id='word_1_160' title='bbox 1122 1405 1288 1444; x_wconf 86' lang='lat' dir='ltr'><strong>Caesare</strong></span> <span class='ocrx_word' id='word_1_161' title='bbox 1308 1418 1354 1442; x_wconf 88' lang='lat' dir='ltr'><strong>ea</strong></span> <span class='ocrx_word' id='word_1_162' title='bbox 1374 1418 1472 1454; x_wconf 87' lang='lat' dir='ltr'><strong>quae</strong></span> <span class='ocrx_word' id='word_1_163' title='bbox 1491 1412 1537 1449; x_wconf 91' lang='lat'><strong>41</strong></span> 
     </span>
     <span class='ocr_line' id='line_1_21' title="bbox 96 1468 1473 1520; baseline -0.002 -11"><span class='ocrx_word' id='word_1_164' title='bbox 96 1487 135 1509; x_wconf 86' lang='lat'><strong>20</strong></span> <span class='ocrx_word' id='word_1_165' title='bbox 154 1469 313 1518; x_wconf 86' lang='lat' dir='ltr'><strong>optabat</strong></span> <span class='ocrx_word' id='word_1_166' title='bbox 340 1477 518 1519; x_wconf 84' lang='lat' dir='ltr'><strong>speraret,</strong></span> <span class='ocrx_word' id='word_1_167' title='bbox 543 1471 712 1508; x_wconf 90' lang='lat' dir='ltr'><strong>Pontum</strong></span> <span class='ocrx_word' id='word_1_168' title='bbox 740 1469 924 1508; x_wconf 86' lang='lat' dir='ltr'><strong>omnibus</strong></span> <span class='ocrx_word' id='word_1_169' title='bbox 950 1469 1074 1520; x_wconf 86' lang='lat' dir='ltr'><strong>copiis</strong></span> <span class='ocrx_word' id='word_1_170' title='bbox 1105 1469 1312 1519; x_wconf 86' lang='lat' dir='ltr'><strong>occupavit</strong></span> <span class='ocrx_word' id='word_1_171' title='bbox 1341 1468 1473 1519; x_wconf 87' lang='lat' dir='ltr'><strong>ibique</strong></span> 
     </span>
     <span class='ocr_line' id='line_1_22' title="bbox 153 1533 1473 1584; baseline 0 -13"><span class='ocrx_word' id='word_1_172' title='bbox 153 1541 190 1572; x_wconf 91' lang='lat' dir='ltr'><strong>et</strong></span> <span class='ocrx_word' id='word_1_173' title='bbox 216 1533 338 1572; x_wconf 90' lang='lat' dir='ltr'><strong>victor</strong></span> <span class='ocrx_word' id='word_1_174' title='bbox 364 1542 401 1572; x_wconf 91' lang='lat' dir='ltr'><strong>et</strong></span> <span class='ocrx_word' id='word_1_175' title='bbox 430 1534 719 1572; x_wconf 90' lang='lat' dir='ltr'><strong>crudelissimus</strong></span> <span class='ocrx_word' id='word_1_176' title='bbox 746 1548 820 1582; x_wconf 82' lang='lat' dir='ltr'><strong>rex,</strong></span> <span class='ocrx_word' id='word_1_177' title='bbox 844 1548 933 1572; x_wconf 90' lang='lat' dir='ltr'><strong>cum</strong></span> <span class='ocrx_word' id='word_1_178' title='bbox 961 1534 1034 1572; x_wconf 89' lang='lat' dir='ltr'><strong>sibi</strong></span> <span class='ocrx_word' id='word_1_179' title='bbox 1056 1535 1251 1573; x_wconf 85' lang='lat' dir='ltr'><strong>fortunam</strong></span> <span class='ocrx_word' id='word_1_180' title='bbox 1272 1542 1473 1584; x_wconf 87' lang='lat' dir='ltr'><strong>paternam</strong></span> 
     </span>
     <span class='ocr_line' id='line_1_23' title="bbox 152 1597 1474 1649; baseline 0.001 -14"><span class='ocrx_word' id='word_1_181' title='bbox 152 1597 321 1637; x_wconf 85' lang='lat' dir='ltr'><strong>feliciore</strong></span> <span class='ocrx_word' id='word_1_182' title='bbox 350 1606 491 1637; x_wconf 85' lang='lat' dir='ltr'><strong>eventu</strong></span> <span class='ocrx_word' id='word_1_183' title='bbox 521 1599 742 1646; x_wconf 85' lang='lat' dir='ltr'><strong>destinaret,</strong></span> <span class='ocrx_word' id='word_1_184' title='bbox 774 1600 897 1637; x_wconf 86' lang='lat' dir='ltr'><strong>multa</strong></span> <span class='ocrx_word' id='word_1_185' title='bbox 925 1598 1072 1649; x_wconf 86' lang='lat' dir='ltr'><strong>oppida</strong></span> <span class='ocrx_word' id='word_1_186' title='bbox 1100 1598 1344 1649; x_wconf 85' lang='lat' dir='ltr'><strong>expugnavit,</strong></span> <span class='ocrx_word' id='word_1_187' title='bbox 1369 1599 1474 1637; x_wconf 87' lang='lat' dir='ltr'><strong>bona</strong></span> 
     </span>
     <span class='ocr_line' id='line_1_24' title="bbox 152 1661 1509 1713; baseline -0.001 -13"><span class='ocrx_word' id='word_1_188' title='bbox 152 1661 294 1700; x_wconf 90' lang='lat' dir='ltr'><strong>civium</strong></span> <span class='ocrx_word' id='word_1_189' title='bbox 327 1665 596 1701; x_wconf 89' lang='lat' dir='ltr'><strong>Romanorum</strong></span> <span class='ocrx_word' id='word_1_190' title='bbox 625 1663 958 1713; x_wconf 89' lang='lat' dir='ltr'><strong>Ponticorumque</strong></span> <span class='ocrx_word' id='word_1_191' title='bbox 979 1663 1148 1713; x_wconf 88' lang='lat' dir='ltr'><strong>diripuit,</strong></span> <span class='ocrx_word' id='word_1_192' title='bbox 1172 1662 1363 1713; x_wconf 85' lang='lat' dir='ltr'><strong>supplicia</strong></span> <span class='ocrx_word' id='word_1_193' title='bbox 1382 1677 1472 1702; x_wconf 86' lang='lat' dir='ltr'><strong>con·</strong></span> <span class='ocrx_word' id='word_1_194' title='bbox 1495 1678 1509 1698; x_wconf 91' lang='lat'><em>2</em></span> 
     </span>
     <span class='ocr_line' id='line_1_25' title="bbox 152 1726 1472 1777; baseline 0.002 -13"><span class='ocrx_word' id='word_1_195' title='bbox 152 1726 273 1764; x_wconf 87' lang='lat' dir='ltr'><strong>stituit</strong></span> <span class='ocrx_word' id='word_1_196' title='bbox 293 1727 332 1764; x_wconf 90' lang='lat' dir='ltr'><strong>in</strong></span> <span class='ocrx_word' id='word_1_197' title='bbox 360 1740 427 1766; x_wconf 92' lang='lat' dir='ltr'><strong>eos</strong></span> <span class='ocrx_word' id='word_1_198' title='bbox 454 1727 521 1776; x_wconf 91' lang='lat' dir='ltr'><strong>qui</strong></span> <span class='ocrx_word' id='word_1_199' title='bbox 551 1727 722 1777; x_wconf 88' lang='lat' dir='ltr'><strong>aliquam</strong></span> <span class='ocrx_word' id='word_1_200' title='bbox 750 1729 896 1766; x_wconf 89' lang='lat' dir='ltr'><strong>formae</strong></span> <span class='ocrx_word' id='word_1_201' title='bbox 923 1735 1040 1777; x_wconf 89' lang='lat' dir='ltr'><strong>atque</strong></span> <span class='ocrx_word' id='word_1_202' title='bbox 1066 1727 1201 1765; x_wconf 86' lang='lat' dir='ltr'><strong>aetatis</strong></span> <span class='ocrx_word' id='word_1_203' title='bbox 1222 1728 1472 1766; x_wconf 88' lang='lat' dir='ltr'><strong>commenda-</strong></span> 
     </span>
     <span class='ocr_line' id='line_1_26' title="bbox 94 1789 1472 1841; baseline 0.002 -14"><span class='ocrx_word' id='word_1_204' title='bbox 94 1803 132 1836; x_wconf 86' lang='lat'><strong>²5</strong></span> <span class='ocrx_word' id='word_1_205' title='bbox 152 1789 298 1829; x_wconf 91' lang='lat' dir='ltr'><strong>tionem</strong></span> <span class='ocrx_word' id='word_1_206' title='bbox 322 1792 521 1830; x_wconf 87' lang='lat' dir='ltr'><strong>habebant</strong></span> <span class='ocrx_word' id='word_1_207' title='bbox 544 1805 590 1829; x_wconf 88' lang='lat' dir='ltr'><strong>ea</strong></span> <span class='ocrx_word' id='word_1_208' title='bbox 616 1804 715 1841; x_wconf 89' lang='lat' dir='ltr'><strong>quae</strong></span> <span class='ocrx_word' id='word_1_209' title='bbox 743 1799 866 1830; x_wconf 90' lang='lat' dir='ltr'><strong>morte</strong></span> <span class='ocrx_word' id='word_1_210' title='bbox 897 1799 1027 1830; x_wconf 91' lang='lat' dir='ltr'><strong>essent</strong></span> <span class='ocrx_word' id='word_1_211' title='bbox 1056 1791 1263 1839; x_wconf 84' lang='lat' dir='ltr'><strong>miseriora,</strong></span> <span class='ocrx_word' id='word_1_212' title='bbox 1287 1793 1472 1831; x_wconf 86' lang='lat' dir='ltr'><strong>Pontum-</strong></span> 
     </span>
     <span class='ocr_line' id='line_1_27' title="bbox 150 1855 1472 1907; baseline 0.002 -14"><span class='ocrx_word' id='word_1_213' title='bbox 150 1867 227 1904; x_wconf 88' lang='lat' dir='ltr'><strong>que</strong></span> <span class='ocrx_word' id='word_1_214' title='bbox 247 1857 354 1894; x_wconf 89' lang='lat' dir='ltr'><strong>nullo</strong></span> <span class='ocrx_word' id='word_1_215' title='bbox 376 1856 611 1894; x_wconf 90' lang='lat' dir='ltr'><strong>defendente</strong></span> <span class='ocrx_word' id='word_1_216' title='bbox 632 1863 836 1905; x_wconf 90' lang='lat' dir='ltr'><strong>paternum</strong></span> <span class='ocrx_word' id='word_1_217' title='bbox 858 1869 1019 1906; x_wconf 89' lang='lat' dir='ltr'><strong>regnum</strong></span> <span class='ocrx_word' id='word_1_218' title='bbox 1035 1855 1203 1906; x_wconf 88' lang='lat' dir='ltr'><strong>glorians</strong></span> <span class='ocrx_word' id='word_1_219' title='bbox 1224 1869 1265 1895; x_wconf 88' lang='lat' dir='ltr'><strong>se</strong></span> <span class='ocrx_word' id='word_1_220' title='bbox 1280 1857 1472 1907; x_wconf 89' lang='lat' dir='ltr'><strong>recepisse</strong></span> 
     </span>
     <span class='ocr_line' id='line_1_28' title="bbox 150 1919 363 1958; baseline 0.005 -1"><span class='ocrx_word' id='word_1_221' title='bbox 150 1919 363 1958; x_wconf 88' lang='lat' dir='ltr'><strong>obtinebat.</strong></span> 
     </span>
    </p>

    <p class='ocr_par' dir='ltr' id='par_1_3' title="bbox 92 1983 1542 2294">
     <span class='ocr_line' id='line_1_29' title="bbox 203 1983 1542 2036; baseline 0.001 -14"><span class='ocrx_word' id='word_1_222' title='bbox 203 1985 284 2023; x_wconf 86' lang='lat' dir='ltr'><strong>Sub</strong></span> <span class='ocrx_word' id='word_1_223' title='bbox 305 1983 409 2023; x_wconf 91' lang='lat' dir='ltr'><strong>idem</strong></span> <span class='ocrx_word' id='word_1_224' title='bbox 437 1991 591 2035; x_wconf 88' lang='lat' dir='ltr'><strong>tempus</strong></span> <span class='ocrx_word' id='word_1_225' title='bbox 617 1985 657 2023; x_wconf 88' lang='lat' dir='ltr'><strong>in</strong></span> <span class='ocrx_word' id='word_1_226' title='bbox 679 1985 833 2035; x_wconf 88' lang='lat' dir='ltr'><strong>Illyrico</strong></span> <span class='ocrx_word' id='word_1_227' title='bbox 854 1993 912 2024; x_wconf 86' lang='lat' dir='ltr'><strong>est</strong></span> <span class='ocrx_word' id='word_1_228' title='bbox 932 1985 1229 2025; x_wconf 90' lang='lat' dir='ltr'><strong>incommodum</strong></span> <span class='ocrx_word' id='word_1_229' title='bbox 1251 1993 1468 2036; x_wconf 88' lang='lat' dir='ltr'><strong>acceptum,</strong></span> <span class='ocrx_word' id='word_1_230' title='bbox 1490 1996 1542 2033; x_wconf 89' lang='lat'><strong>42</strong></span> 
     </span>
     <span class='ocr_line' id='line_1_30' title="bbox 151 2049 1471 2100; baseline 0.002 -14"><span class='ocrx_word' id='word_1_231' title='bbox 151 2061 250 2098; x_wconf 90' lang='lat' dir='ltr'><strong>quae</strong></span> <span class='ocrx_word' id='word_1_232' title='bbox 283 2049 482 2099; x_wconf 86' lang='lat' dir='ltr'><strong>provincia</strong></span> <span class='ocrx_word' id='word_1_233' title='bbox 510 2049 772 2100; x_wconf 90' lang='lat' dir='ltr'><strong>superioribus</strong></span> <span class='ocrx_word' id='word_1_234' title='bbox 803 2050 1002 2089; x_wconf 91' lang='lat' dir='ltr'><strong>mensibus</strong></span> <span class='ocrx_word' id='word_1_235' title='bbox 1032 2058 1181 2089; x_wconf 86' lang='lat' dir='ltr'><strong>retenta</strong></span> <span class='ocrx_word' id='word_1_236' title='bbox 1209 2064 1289 2089; x_wconf 91' lang='lat' dir='ltr'><strong>non</strong></span> <span class='ocrx_word' id='word_1_237' title='bbox 1320 2058 1471 2090; x_wconf 90' lang='lat' dir='ltr'><strong>tantum</strong></span> 
     </span>
     <span class='ocr_line' id='line_1_31' title="bbox 92 2112 1507 2165; baseline 0.001 -15"><span class='ocrx_word' id='word_1_238' title='bbox 92 2126 134 2157; x_wconf 86' lang='lat'><strong>30</strong></span> <span class='ocrx_word' id='word_1_239' title='bbox 153 2112 234 2151; x_wconf 89' lang='lat' dir='ltr'><strong>sine</strong></span> <span class='ocrx_word' id='word_1_240' title='bbox 272 2113 485 2163; x_wconf 86' lang='lat' dir='ltr'><strong>ignominia</strong></span> <span class='ocrx_word' id='word_1_241' title='bbox 518 2115 587 2152; x_wconf 88' lang='lat' dir='ltr'><strong>sed</strong></span> <span class='ocrx_word' id='word_1_242' title='bbox 620 2114 737 2153; x_wconf 88' lang='lat' dir='ltr'><strong>etiam</strong></span> <span class='ocrx_word' id='word_1_243' title='bbox 771 2128 861 2153; x_wconf 91' lang='lat' dir='ltr'><strong>cum</strong></span> <span class='ocrx_word' id='word_1_244' title='bbox 895 2116 1010 2153; x_wconf 86' lang='lat' dir='ltr'><strong>laude</strong></span> <span class='ocrx_word' id='word_1_245' title='bbox 1044 2123 1134 2153; x_wconf 86' lang='lat' dir='ltr'><strong>erat.</strong></span> <span class='ocrx_word' id='word_1_246' title='bbox 1207 2116 1390 2165; x_wconf 87' lang='lat' dir='ltr'><strong>Namque</strong></span> <span class='ocrx_word' id='word_1_247' title='bbox 1424 2129 1471 2154; x_wconf 90' lang='lat' dir='ltr'><strong>eo</strong></span> <span class='ocrx_word' id='word_1_248' title='bbox 1492 2131 1507 2151; x_wconf 92' lang='lat'>2</span> 
     </span>
     <span class='ocr_line' id='line_1_32' title="bbox 152 2176 1469 2229; baseline 0.002 -14"><span class='ocrx_word' id='word_1_249' title='bbox 152 2176 290 2216; x_wconf 89' lang='lat' dir='ltr'><strong>missus</strong></span> <span class='ocrx_word' id='word_1_250' title='bbox 335 2185 480 2217; x_wconf 84' lang='lat' dir='ltr'><strong>aestate</strong></span> <span class='ocrx_word' id='word_1_251' title='bbox 527 2192 616 2217; x_wconf 87' lang='lat' dir='ltr'><strong>cum</strong></span> <span class='ocrx_word' id='word_1_252' title='bbox 664 2180 817 2218; x_wconf 90' lang='lat' dir='ltr'><strong>duabus</strong></span> <span class='ocrx_word' id='word_1_253' title='bbox 864 2179 1082 2229; x_wconf 88' lang='lat' dir='ltr'><strong>legionibus</strong></span> <span class='ocrx_word' id='word_1_254' title='bbox 1130 2181 1178 2228; x_wconf 85' lang='lat' dir='ltr'><strong>Q.</strong></span> <span class='ocrx_word' id='word_1_255' title='bbox 1225 2179 1469 2227; x_wconf 87' lang='lat' dir='ltr'><strong>Cornificius,</strong></span> 
     </span>
     <span class='ocr_line' id='line_1_33' title="bbox 151 2241 1471 2294; baseline 0.002 -15"><span class='ocrx_word' id='word_1_256' title='bbox 151 2241 326 2280; x_wconf 87' lang='lat' dir='ltr'><strong>Caesaris</strong></span> <span class='ocrx_word' id='word_1_257' title='bbox 356 2250 547 2293; x_wconf 89' lang='lat' dir='ltr'><strong>quaestor,</strong></span> <span class='ocrx_word' id='word_1_258' title='bbox 571 2257 640 2293; x_wconf 91' lang='lat' dir='ltr'><strong>pro</strong></span> <span class='ocrx_word' id='word_1_259' title='bbox 672 2251 857 2294; x_wconf 88' lang='lat' dir='ltr'><strong>praetore,</strong></span> <span class='ocrx_word' id='word_1_260' title='bbox 891 2257 1130 2294; x_wconf 89' lang='lat' dir='ltr'><strong>quamquam</strong></span> <span class='ocrx_word' id='word_1_261' title='bbox 1160 2252 1240 2282; x_wconf 90' lang='lat' dir='ltr'><strong>erat</strong></span> <span class='ocrx_word' id='word_1_262' title='bbox 1272 2244 1471 2294; x_wconf 86' lang='lat' dir='ltr'><strong>provincia</strong></span> 
     </span>
    </p>
   </div>
   <div class='ocr_carea' id='block_1_3' title="bbox 150 2345 1467 2430">
    <p class='ocr_par' dir='ltr' id='par_1_4' title="bbox 150 2345 1467 2430">
     <span class='ocr_line' id='line_1_34' title="bbox 193 2345 1467 2387; baseline 0.002 -12"><span class='ocrx_word' id='word_1_263' title='bbox 193 2355 211 2383; x_wconf 87' lang='lat'><strong>4</strong></span> <span class='ocrx_word' id='word_1_264' title='bbox 235 2345 324 2375; x_wconf 84' lang='lat' dir='ltr'><strong>acies</strong></span> <span class='ocrx_word' id='word_1_265' title='bbox 334 2345 544 2376; x_wconf 84' lang='lat' dir='ltr'><strong>secundoX:</strong></span> <span class='ocrx_word' id='word_1_266' title='bbox 571 2357 609 2376; x_wconf 88' lang='lat' dir='ltr'><strong>ac</strong></span> <span class='ocrx_word' id='word_1_267' title='bbox 619 2347 862 2377; x_wconf 85' lang='lat' dir='ltr'><strong>transcendere</strong></span> <span class='ocrx_word' id='word_1_268' title='bbox 874 2347 1050 2387; x_wconf 68' lang='lat' dir='ltr'><strong>Nipperdey</strong></span> <span class='ocrx_word' id='word_1_269' title='bbox 1065 2358 1071 2376; x_wconf 76' lang='grc' dir='ltr'>ε</span> <span class='ocrx_word' id='word_1_270' title='bbox 1088 2348 1129 2377; x_wconf 87' lang='lat' dir='ltr'><strong>ab</strong></span> <span class='ocrx_word' id='word_1_271' title='bbox 1141 2347 1212 2377; x_wconf 86' lang='lat' dir='ltr'><strong>acie</strong></span> <span class='ocrx_word' id='word_1_272' title='bbox 1225 2349 1374 2378; x_wconf 86' lang='lat' dir='ltr'><strong>secunda</strong></span> <span class='ocrx_word' id='word_1_273' title='bbox 1389 2349 1467 2379; x_wconf 74' lang='lat' dir='ltr'><strong>coni.</strong></span> 
     </span>
     <span class='ocr_line' id='line_1_35' title="bbox 150 2386 1237 2430; baseline 0.004 -13"><span class='ocrx_word' id='word_1_274' title='bbox 150 2386 337 2427; x_wconf 78' lang='lat' dir='ltr'><strong>Hoffmann</strong></span> <span class='ocrx_word' id='word_1_275' title='bbox 355 2400 361 2418; x_wconf 91' lang='lat'>:</span> <span class='ocrx_word' id='word_1_276' title='bbox 384 2389 474 2420; x_wconf 85' lang='lat' dir='ltr'><strong>acies</strong></span> <span class='ocrx_word' id='word_1_277' title='bbox 492 2389 548 2419; x_wconf 80' lang='lat' dir='ltr'><strong>dcl.</strong></span> <span class='ocrx_word' id='word_1_278' title='bbox 566 2389 714 2430; x_wconf 75' lang='lat' dir='ltr'><strong>Scaliger</strong></span> <span class='ocrx_word' id='word_1_279' title='bbox 846 2399 881 2428; x_wconf 79' lang='lat'><strong>14</strong></span> <span class='ocrx_word' id='word_1_280' title='bbox 908 2390 995 2429; x_wconf 87' lang='lat' dir='ltr'><strong>legio</strong></span> <span class='ocrx_word' id='word_1_281' title='bbox 1015 2389 1062 2420; x_wconf 85' lang='lat' dir='ltr'><strong>U:</strong></span> <span class='ocrx_word' id='word_1_282' title='bbox 1089 2401 1152 2421; x_wconf 79' lang='lat' dir='ltr'><strong>om.</strong></span> <span class='ocrx_word' id='word_1_283' title='bbox 1173 2393 1237 2421; x_wconf 73' lang='lat' dir='ltr'><strong>cett.</strong></span> 
     </span>
    </p>
   </div>
   <div class='ocr_carea' id='block_1_4' title="bbox 193 2446 1381 2474">
    <p class='ocr_par' dir='ltr' id='par_1_5' title="bbox 193 2446 1381 2474">
     <span class='ocr_line' id='line_1_36' title="bbox 193 2446 1381 2474; baseline 0.002 -2"><span class='ocrx_word' id='word_1_284' title='bbox 193 2451 284 2473; x_wconf 72' lang='lat' dir='ltr'><strong>CAEs.</strong></span> <span class='ocrx_word' id='word_1_285' title='bbox 305 2451 402 2473; x_wconf 57' lang='lat' dir='ltr'><strong>mex.</strong></span> <span class='ocrx_word' id='word_1_286' title='bbox 1343 2446 1381 2474; x_wconf 70' lang='grc'><strong>12</strong></span> 
     </span>
    </p>
   </div>
  </div>
 </body>
</html>
