1705 2729
330 138 404 175 DE
436 136 615 174 BELLO
649 135 1008 172 HISPANIENSI
1041 135 1211 172 LIBER

166 251 271 287 Dum
311 249 407 285 haec
444 253 638 296 geruntur,
680 244 793 294 legati
833 243 1077 283 Carteienses
1117 244 1434 283 renuntiaverunt
1455 252 1509 298 36

110 314 218 364 quod
240 311 472 361 Pompeium
493 310 532 347 in
553 316 745 360 potestate
765 308 964 346 haberent.
1025 309 1145 357 Quod
1165 315 1255 346 ante
1277 308 1433 347 Caesari

110 385 239 428 portas
260 375 568 427 praeclusissem,
591 374 657 413 illo
683 372 877 412 beneficio
907 386 1020 411 suum
1051 372 1285 411 maleficium
1311 372 1435 412 existi-

111 442 271 480 mabant
308 454 349 478 se
387 439 482 477 lucri
520 441 655 477 facere.
716 437 891 476 Lusitani
927 436 1082 488 Hispali
1120 450 1292 487 pugnare
1326 439 1434 475 nullo

73 524 90 554 5
110 514 286 556 tempore
312 504 563 544 desistebant.
623 504 743 552 Quod
765 504 909 542 Caesar
932 515 1021 540 cum
1046 501 1379 549 animadverteret,
1404 501 1434 540 si
1458 518 1473 540 2

109 570 302 620 oppidum
323 582 461 619 capere
489 569 756 614 contenderet,
779 566 907 605 timuit
936 580 985 604 ne
1015 565 1195 604 homines
1222 565 1361 615 perditi
1382 565 1435 603 in-

110 635 323 673 cenderent
356 640 394 672 et
433 632 588 671 moenia
625 633 824 678 delerent;
867 630 919 669 ita
951 629 1115 669 consilio
1150 629 1284 668 habito
1315 637 1434 668 noctu

110 699 254 749 patitur
274 697 481 736 Lusitanos
503 696 747 746 eruptionem
774 697 900 734 facere
918 710 927 742 ;
965 695 1005 733 id
1026 695 1134 744 quod
1155 696 1334 733 consulto
1355 707 1435 732 non

111 763 385 802 existimabant
414 762 504 800 fieri.
565 763 625 799 Ita
654 761 897 810 erumpendo
927 759 1046 806 navis,
1075 772 1175 809 quae
1204 760 1255 797 ad
1284 759 1434 797 Baetim
1458 771 1474 800 3

55 846 93 868 10
112 829 258 865 fiumen
285 826 458 873 fuissent,
480 826 706 864 incendunt.
766 824 898 863 Nostri
928 825 1023 862 dum
1054 823 1237 862 incendio
1262 822 1435 861 detinen-

111 899 182 937 tur,
205 890 258 928 illi
279 890 502 940 profugiunt
527 897 564 928 et
590 890 639 928 ab
664 888 860 939 equitibus
890 888 1160 927 conciduntur.
1221 889 1313 937 Quo
1334 889 1435 926 facto
1458 905 1476 934 4

111 954 259 1004 oppido
280 954 492 1004 reciperato
514 956 650 992 Astam
671 953 742 992 iter
768 955 893 992 facere
923 952 1052 1002 coepit
1070 967 1079 999 3
1117 966 1163 990 ex
1184 965 1260 1002 qua
1281 951 1435 990 civitate

111 1018 225 1068 legati
251 1019 302 1057 ad
328 1018 569 1057 deditionem
590 1026 788 1056 venerunt.
850 1018 1105 1063 Mundenses,
1128 1016 1195 1066 qui
1222 1030 1267 1055 ex
1287 1015 1435 1066 proelio

112 1082 151 1120 in
190 1082 380 1132 oppidum
424 1083 687 1132 confugerant,
729 1095 818 1120 cum
864 1081 1009 1120 diutius
1055 1080 1431 1127 circumsiderentur,

55 1161 91 1193 15
113 1147 213 1185 bene
238 1147 349 1185 multi
376 1146 618 1185 deditionem
648 1146 794 1185 faciunt
814 1154 862 1193 et,
894 1159 984 1184 cum
1015 1153 1143 1185 essent
1173 1145 1212 1183 in
1242 1145 1435 1195 legionem

112 1211 318 1258 distributi,
341 1211 545 1249 coniurant
575 1211 673 1249 inter
702 1224 796 1257 sese,
821 1218 862 1248 ut
892 1218 1011 1249 noctu
1041 1210 1151 1260 signo
1181 1211 1274 1248 dato
1303 1210 1370 1259 qui
1397 1209 1435 1247 in

111 1275 259 1326 oppido
288 1275 451 1315 fuissent
480 1275 725 1326 eruptionem
755 1277 936 1322 facerent,
960 1275 1013 1313 illi
1042 1276 1204 1314 caedem
1234 1274 1273 1312 in
1304 1274 1436 1313 castris

110 1340 434 1379 administrarent.
501 1342 591 1378 Hac
629 1354 669 1378 re
707 1340 862 1390 cognita
900 1339 1121 1390 insequenti
1161 1346 1276 1377 nocte
1310 1338 1437 1389 vigilia
1458 1356 1475 1387 5

111 1405 224 1443 tertia
242 1413 386 1444 tessera
405 1406 495 1444 data
515 1412 620 1443 extra
640 1406 783 1442 vallum
805 1417 942 1443 omnes
962 1412 1052 1442 sunt
1073 1403 1230 1442 concisi.

54 1483 93 1506 20
166 1469 422 1517 Carteienses,
446 1471 540 1509 dum
564 1470 706 1509 Caesar
733 1468 772 1507 in
800 1468 936 1507 itinere
965 1468 1112 1518 reliqua
1141 1467 1287 1518 oppida
1316 1480 1437 1517 oppu-
1457 1481 1506 1520 37

110 1542 214 1585 gnat,
248 1542 404 1584 propter
444 1533 676 1584 Pompeium
716 1532 921 1572 dissentire
952 1539 1175 1583 coeperunt.
1236 1534 1328 1570 Pars
1358 1539 1437 1570 erat

111 1612 212 1648 quae
250 1600 397 1648 legatos
435 1599 485 1636 ad
526 1599 733 1637 Caesarem
773 1596 938 1644 miserat,
979 1609 1066 1648 pars
1105 1604 1185 1635 erat
1223 1596 1289 1646 qui
1325 1597 1437 1634 Pom-

112 1663 337 1713 peianarum
377 1662 544 1713 partium
583 1664 752 1701 fautores
791 1669 930 1700 essent.
1003 1661 1205 1700 Seditione
1243 1660 1437 1699 concitata
1459 1676 1474 1697 2

112 1731 263 1777 †partes
302 1731 545 1777 occupant†;
588 1727 729 1765 caedes
761 1727 803 1764 fit
834 1739 974 1776 magna
991 1741 1001 1774 3
1041 1725 1193 1764 saueius
1226 1726 1437 1776 Pompeius

56 1806 93 1838 25
113 1792 220 1830 navis
245 1804 303 1830 xx
330 1799 496 1842 occupat
526 1793 660 1842 longas
690 1799 728 1830 et
756 1791 935 1842 profugit.
997 1790 1148 1837 Didius,
1171 1790 1237 1840 qui
1259 1791 1436 1830 Gadibus

111 1857 223 1895 classi
248 1857 485 1907 praefuisset,
510 1855 576 1908 [ad
604 1854 738 1909 quem]
761 1856 874 1894 simul
902 1856 1060 1894 nuntius
1089 1857 1227 1893 allatus
1257 1864 1325 1903 est,
1348 1869 1437 1894 con-

162 1971 174 1991 1
201 1972 222 1992 a
246 1971 315 1992 voce
336 1960 552 1992 Carteienses
574 1970 673 1998 usque
691 1958 740 1990 ad
759 1964 825 1999 cap.
846 1970 888 1998 40
909 1963 924 1997 ξ
942 1960 963 1989 6
985 1964 1101 1999 petere
1127 1964 1314 1999 coeperunt
1337 1958 1439 1999 deficit

117 2015 239 2035 manus
255 2005 390 2043 antiqua
408 2003 518 2034 codicis
533 2002 578 2033 F:
605 2002 760 2033 lacunam
774 2002 905 2042 explevit
921 2013 1043 2034 numus
1059 2003 1210 2033 recentior
1298 2013 1318 2033 2
1343 2008 1435 2042 pote·

115 2053 203 2079 state
224 2048 268 2077 F:
302 2050 506 2086 potestatem
525 2044 564 2075 X
648 2045 772 2077 habent
795 2045 825 2075 T
904 2049 978 2086 post
997 2046 1160 2077 haberent
1181 2046 1296 2077 desinit
1314 2056 1438 2077 manus

110 2093 245 2129 antiqua
262 2091 373 2120 codicis
386 2090 435 2119 U:
461 2091 616 2119 lacunam
634 2089 765 2128 mplevz't
780 2098 904 2119 manus
922 2089 1070 2119 recentior
1161 2099 1180 2127 4
1208 2088 1393 2119 lucrificare
1405 2088 1441 2118 D

111 2132 204 2162 nullo
222 2132 273 2162 T‘:
296 2132 351 2163 illo
363 2131 435 2162 DU
527 2133 549 2162 6
567 2132 678 2162 timuit
695 2141 738 2161 ne
754 2130 797 2161 V:
818 2132 863 2162 ait
881 2130 967 2161 DT:
987 2135 1021 2161 et
1037 2132 1080 2161 U:
1103 2136 1137 2161 ut
1155 2131 1244 2161 codd.
1260 2142 1348 2162 reca:
1369 2132 1439 2162 fore

111 2180 146 2205 ut
162 2175 280 2206 Dinter
370 2185 391 2214 9
415 2176 626 2214 erumpendo
642 2179 672 2213 λ,
693 2174 904 2214 Stephanus:
929 2174 1145 2214 irrumpendo
1162 2173 1200 2203 X
1296 2185 1338 2205 20
1360 2176 1438 2205 dum

111 2218 237 2249 Caesar
261 2217 354 2250 edd.:
384 2219 488 2249 duces
514 2218 642 2249 Caesar
666 2219 743 2248 dum
767 2222 811 2248 λε
843 2218 946 2248 duces
971 2217 1097 2248 Caesar
1119 2216 1176 2248 X:
1208 2217 1335 2248 Caesar
1359 2218 1436 2248 dum

111 2261 177 2292 cod.
203 2260 330 2292 Norvic.
481 2271 522 2291 22
545 2261 601 2300 qui
629 2260 660 2290 V
670 2273 677 2292 z
708 2271 796 2299 quae
821 2264 884 2292 cett.
1029 2271 1069 2299 24
1093 2266 1207 2299 partes
1231 2259 1288 2291 X:
1321 2266 1436 2300 portas

115 2304 320 2335 Vascosmms
412 2313 453 2343 25
478 2304 628 2335 Gadibus
644 2309 672 2334 Δ
689 2315 696 2335 :
721 2304 826 2335 Gadis
847 2303 900 2334 U:
924 2303 1026 2335 Cadis
1042 2302 1079 2333 X
1169 2305 1211 2334 26
1235 2303 1331 2335 classi
1353 2303 1436 2334 UV:

113 2347 227 2377 classis
244 2346 315 2376 DT
398 2348 438 2378 ad
455 2357 554 2387 quem
571 2346 629 2378 del.
647 2346 678 2376 V
676 2346 811 2377 z'ellzaber

155 2421 246 2443 CAEs.
268 2421 406 2442 HISPAN.
1308 2412 1348 2442 19
