1705 2729
464 131 538 167 DE
570 130 749 168 BELLO
780 130 956 167 CIVILI
989 131 1090 167 LIB.
1125 131 1189 167 III

169 240 291 284 vellet,
316 246 357 276 ut
383 252 507 288 paene
536 239 668 276 castris
690 239 853 288 Pompei
880 239 1051 288 legiones
1072 240 1292 287 subiceret,
1321 249 1487 277 tantum-

168 315 244 351 que
263 315 285 340 a
305 303 405 339 vallo
426 302 507 340 eius
532 302 655 351 prima
683 302 786 340 acies
814 303 947 340 aberat
974 303 1029 340 uti
1059 317 1108 340 ne
1138 305 1216 341 telo
1243 311 1487 341 tormentove

166 366 269 415 adigi
302 374 442 415 posset.
503 366 713 416 Pompeius
751 374 894 413 autem,
930 375 972 404 ut
1002 368 1146 404 famam
1179 367 1486 416 opinionemque
1509 385 1523 405 2

168 429 371 468 hominum
401 438 558 477 teneret,
588 430 643 468 sic
666 444 736 479 pro
763 431 896 468 castris
923 431 1134 469 exercitum
1161 431 1425 469 constituebat
1444 440 1487 469 ut

130 493 276 538 5tertia
313 493 415 532 acies
449 496 591 532 vallum
630 494 880 544 contingeret,
917 495 1045 533 omnis
1079 495 1240 544 quidem
1278 495 1486 533 instructus

167 557 354 595 exercitus
375 557 460 596 telis
481 572 527 596 ex
545 560 647 596 vallo
666 558 847 608 proiectis
867 559 1017 609 protegi
1038 567 1179 609 posset.

219 621 382 668 Aetolia,
409 622 637 669 Acarnania,
667 623 939 672 Amphilochis
962 637 1031 673 per
1054 623 1234 662 Cassium
1261 624 1483 673 Longinum
1504 627 1557 672 56

166 692 204 722 et
237 685 449 723 Calvisium
488 686 674 724 Sabinum
714 694 755 724 ut
793 687 1145 725 demonstravimus
1184 688 1357 737 receptiS,
1391 679 1588 730 tem-(55)

165 750 352 798 ptandam
372 749 445 787 sibi
461 750 651 788 Achaiam
677 764 722 788 ac
748 752 865 800 paulo
889 751 1041 801 longius
1061 751 1391 801 progrediendum
1411 752 1485 790 exi-

109 824 147 846 10
166 811 347 850 stimabat
368 814 520 851 Caesar.
582 815 721 863 Itaque
744 828 791 852 eo
813 815 860 862 Q.
881 816 1072 853 Calenum
1098 815 1211 861 misit,
1236 816 1270 854 ei
1295 816 1484 854 Sabinum
1507 830 1520 850 2

165 883 203 914 et
242 876 421 915 Cassium
459 891 549 915 cum
587 878 813 916 cohortibus
851 878 1036 928 adiungit.
1111 880 1289 927 Quorum
1328 880 1485 929 cognito
1507 895 1524 925 3

164 941 335 978 adventu
368 941 537 980 Rutilius
571 943 716 992 Lupus,
749 942 815 991 qui
846 943 1037 980 Achaiam
1068 942 1208 980 missus
1241 957 1264 980 a
1296 943 1486 993 Pompeio

165 1004 380 1052 obtinebat,
405 1007 599 1043 Isthmum
626 1006 870 1055 praemunire
899 1006 1074 1053 instituit,
1098 1014 1139 1044 ut
1160 1006 1309 1044 Achaia
1330 1008 1485 1045 Fufium

166 1069 398 1118 prohiberet.
463 1072 632 1110 Calenus
666 1072 854 1120 Delphos,
890 1072 1060 1118 Thebas,
1094 1072 1389 1110 Orchomenum
1423 1084 1523 1113 vo-4

110 1143 146 1176 15
167 1134 314 1172 luntate
347 1134 517 1184 ipsarum
551 1134 764 1173 civitatium
803 1135 956 1185 recepit,
989 1148 1069 1173 non
1107 1136 1232 1173 nullas
1270 1135 1385 1173 urbes
1419 1148 1488 1185 per

166 1197 242 1234 vim
272 1198 516 1248 expugnavit,
538 1198 704 1247 reliquas
728 1198 901 1237 civitates
931 1198 1206 1237 circummissis
1226 1199 1486 1248 legationibus

164 1261 356 1300 amicitiae
391 1262 567 1301 Caesaris
598 1263 805 1301 conciliare
835 1263 1027 1302 studebat.
1089 1264 1136 1300 In
1170 1262 1229 1300 his
1262 1263 1377 1301 rebus
1408 1265 1485 1301 fere

164 1335 243 1364 erat
265 1328 396 1365 Fufius
417 1335 640 1377 occupatus.

219 1392 331 1429 Haec
355 1404 445 1429 cum
472 1391 511 1429 in
533 1391 683 1429 Achaia
707 1398 825 1441 atque
851 1392 957 1441 apud
980 1390 1237 1440 Dyrrachium
1263 1397 1486 1440 gererentur
1504 1396 1553 1435 57

106 1463 145 1485 20
165 1454 467 1505 Scipionemque
488 1455 526 1493 in
550 1455 828 1494 Macedoniam
844 1455 996 1493 venisse
1016 1462 1221 1500 constaret,
1240 1467 1320 1492 non
1341 1454 1485 1492 oblitus

164 1518 312 1568 pristini
341 1519 505 1557 instituti
535 1520 679 1558 Caesar
708 1519 825 1556 mittit
857 1520 908 1557 ad
942 1532 1032 1556 eum
1062 1521 1107 1555 A.
1141 1518 1338 1564 Clodium,
1371 1531 1484 1555 suum

163 1591 280 1633 atque
318 1583 418 1621 illius
456 1583 695 1630 familiarem,
728 1597 846 1633 quem
884 1583 934 1621 ab
972 1582 1038 1620 illo
1076 1582 1260 1620 traditum
1299 1581 1409 1620 initio
1448 1590 1486 1620 et

164 1648 484 1685 commendatum
524 1647 562 1684 in
597 1661 755 1685 suorum
794 1646 1100 1685 necessariorum
1140 1659 1303 1684 numero
1341 1646 1485 1684 habere

164 1710 389 1749 instituerat.
451 1711 557 1749 Huic
577 1712 644 1749 dat
671 1710 814 1749 litteras
839 1711 1102 1758 mandataque
1122 1711 1172 1747 ad
1194 1723 1294 1755 eum,
1318 1722 1484 1758 quorum
1506 1725 1522 1746 2

106 1784 143 1814 25
164 1775 260 1813 haec
291 1783 371 1813 erat
402 1788 576 1813 summa:
621 1788 705 1813 sese
743 1774 875 1812 omnia
909 1775 958 1812 de
992 1787 1088 1824 pace
1122 1781 1322 1822 expertum
1340 1788 1350 1820 ,·
1389 1773 1485 1811 nihil

162 1840 292 1876 adhuc
319 1839 491 1877 arbitrari
512 1839 605 1878 vitio
629 1841 773 1877 facturn
799 1852 934 1877 eorum
962 1852 1060 1887 quos
1090 1851 1174 1876 esse
1197 1845 1375 1876 auctores
1402 1837 1484 1875 eius

162 1903 215 1941 rei
249 1903 444 1949 voluisset,
477 1905 584 1952 quod
623 1916 692 1940 sua
730 1904 913 1940 mandata
951 1904 1116 1952 perferre
1147 1915 1227 1940 non
1261 1909 1483 1951 opportuno

162 1975 336 2017 tempore
379 1968 430 2005 ad
469 1967 701 2017 Pompeium
739 1974 969 2005 vererentur.
1043 1966 1267 2016 Scipionem
1311 1979 1356 2004 ea
1399 1978 1482 2004 esse
1503 1982 1520 2011 3

162 2031 390 2070 auctoritate
421 2039 462 2069 ut
493 2045 573 2069 non
607 2033 734 2069 solum
768 2031 887 2069 libere
922 2044 1022 2080 quae
1056 2031 1258 2079 probasset
1289 2042 1483 2079 exponere

206 2146 225 2164 2
251 2136 296 2165 uti
315 2146 357 2165 ne
373 2137 414 2169 B:
439 2140 474 2164 ut
492 2135 602 2164 ineum
615 2134 660 2164 D*
729 2135 797 2165 telo
815 2139 1026 2165 tormentove
1042 2133 1091 2165 X:
1117 2135 1218 2165 telum
1237 2139 1484 2165 tormentumve

162 2176 347 2217 Stephanus
484 2187 503 2215 3
526 2178 611 2207 adici
633 2177 827 2217 Oudendorp
958 2179 979 2207 6
1004 2178 1161 2217 proiectis
1184 2178 1227 2207 T:
1261 2177 1398 2207 abiectis
1418 2181 1481 2207 cett.

166 2230 206 2250 10
229 2221 258 2250 ei
279 2220 465 2260 Glandoaep:
490 2225 522 2250 et
539 2219 577 2249 X
666 2230 701 2258 13
728 2221 887 2251 Isthmum
904 2220 1005 2251 AM:
1032 2221 1202 2250 sthumum
1221 2220 1311 2251 LT‘:
1337 2225 1482 2250 stumum

162 2262 252 2293 D'U‘
386 2274 423 2301 14
449 2263 702 2293 Orchomenum
720 2263 881 2303 Scaliger:
906 2268 939 2294 et
957 2263 1206 2293 Orcomeneum
1224 2262 1260 2292 X
1376 2273 1414 2292 21
1440 2262 1482 2292 A.

164 2305 236 2336 add.
256 2305 436 2336 Markland
532 2316 572 2344 24
596 2315 737 2345 quorum
754 2305 818 2336 DL
829 2306 881 2338 T':
906 2316 1045 2345 quarum
1062 2306 1136 2336 EU'
1239 2315 1279 2344 25
1304 2310 1483 2344 expertum

163 2349 195 2378 E
211 2359 285 2379 corr.
305 2349 365 2380 L2:
392 2354 535 2388 experta
551 2353 615 2379 cett.
706 2351 748 2379 26
773 2349 925 2380 effecisse
946 2360 953 2387 ;
971 2350 1002 2379 id
1021 2349 1096 2380 add.
1114 2348 1254 2389 Madvig
1263 2353 1338 2389 post
1353 2349 1461 2379 adhuc
