1705 2729
593 172 827 211 INCERTI
860 172 1141 210 AVCTORIS

204 287 347 332 colles3
395 298 562 335 quorum
601 284 840 323 editissimus
879 297 991 331 unus,
1032 284 1098 333 qui
1138 291 1294 333 propter
1332 283 1531 322 victoriam

206 349 445 388 Mithridatis
466 357 503 387 et
524 348 791 387 infelicitatem
813 347 935 386 Triari
957 347 1317 397 detrimentumque
1343 347 1533 386 exercitus

203 414 324 453 nostri
354 427 536 463 magnam
566 413 605 451 in
635 413 708 451 illis
738 412 912 463 partibus
939 413 1057 450 habet
1084 412 1341 459 nobilitatem,
1364 412 1533 462 superio-

203 478 309 516 ribus
330 478 425 517 locis
451 485 569 527 atque
596 477 798 516 itineribus
820 490 944 527 paene
965 476 1198 515 coniunctus
1219 482 1272 514 est
1290 474 1439 526 oppido
1459 490 1532 515 nec

166 553 183 583 3
204 544 328 581 multo
358 542 511 591 longius
541 541 700 580 milibus
731 554 917 591 passuum
950 554 994 578 111
1024 542 1135 579 abest
1163 541 1214 579 ab
1248 542 1350 579 Zela.
1410 542 1532 579 Hunc

116 747 166 785 73

202 608 333 645 locum
362 608 582 645 Pharnaces
611 606 806 645 veteribus
836 614 1085 656 paternorum
1116 605 1287 644 felicium
1317 612 1531 644 castrorum

201 671 353 709 refectis
375 671 559 721 operibus
580 670 703 721 copiis
725 670 803 709 suis
825 670 1009 709 omnibus
1030 670 1247 720 occupavit.

257 737 400 775 Caesar
433 749 523 774 cum
552 736 604 773 ab
633 736 746 773 hoste
776 734 883 772 milia
912 748 1097 784 passuum
1129 747 1154 771 v
1183 742 1307 773 castra
1336 735 1531 784 posuisset

201 800 427 850 videretque
448 813 512 838 eas
533 799 641 838 vallis
671 799 814 849 quibus
841 799 945 849 regia
971 807 1095 838 castra
1125 799 1368 837 munirentur
1387 801 1529 838 eodem

201 864 403 903 intervallo
442 878 511 902 sua
549 871 674 902 castra
714 863 940 910 munituras,
978 863 1009 901 si
1044 864 1164 901 modo
1198 877 1244 901 ea
1278 865 1363 902 loca
1397 865 1528 902 hostes

200 929 345 979 priores
384 942 464 967 non
503 928 697 978 cepissent
745 941 845 978 quae
888 929 1013 966 multo
1060 935 1169 965 erant
1212 928 1392 977 propiora
1430 928 1529 978 regis

165 1006 179 1026 2
201 994 345 1041 castris,
376 1007 555 1043 aggerem
587 992 823 1042 comportari
857 992 965 1030 iubet
1000 992 1098 1030 intra
1129 992 1377 1030 munitiones.
1437 994 1530 1042 Quo

159 1331 177 1359 3

200 1058 374 1096 celeriter
411 1059 554 1096 collato
600 1057 777 1107 proxima
814 1064 931 1095 nocte
970 1056 1099 1106 vigilia
1137 1064 1274 1106 quarta
1310 1056 1529 1106 legionibus

199 1123 384 1162 omnibus
405 1121 595 1172 expeditis
616 1121 990 1172 impedimentisque
1018 1121 1057 1158 in
1088 1120 1222 1159 castris
1242 1121 1384 1159 relictis
1404 1121 1529 1171 prima

199 1189 285 1225 luce
315 1200 444 1236 neque
473 1186 726 1236 opinantibus
761 1185 941 1224 hostibus
970 1198 1061 1223 eum
1092 1185 1220 1235 ipsum
1250 1186 1381 1224 locum
1411 1185 1526 1236 cepit,

199 1251 238 1289 in
268 1265 347 1301 quo
377 1250 627 1289 Mithridates
657 1251 875 1289 secundum
906 1249 1096 1300 proelium
1125 1251 1310 1288 adversus
1334 1249 1528 1288 Triarium

198 1317 350 1354 fecerat.
423 1317 517 1353 Huc
556 1328 713 1354 omnem
758 1321 1047 1364 comportatum
1092 1327 1271 1364 aggerem
1310 1328 1357 1352 ex
1394 1314 1528 1353 castris

198 1380 352 1419 servitia
372 1383 626 1430 †agerentur†
646 1378 766 1426 iussit,
785 1392 835 1417 ne
851 1378 938 1428 quis
958 1379 1009 1417 ab
1026 1391 1143 1429 opere
1164 1378 1274 1417 miles
1295 1378 1525 1426 discederet,

197 1458 287 1483 cum
309 1444 434 1495 spatio
455 1458 536 1483 non
556 1443 724 1494 amplius
745 1456 931 1493 passuum
953 1443 1058 1481 mille
1079 1443 1259 1482 intercisa
1274 1443 1382 1481 vallis
1403 1451 1528 1482 castra

197 1509 370 1548 hostium
391 1509 581 1548 divideret
602 1509 652 1547 ab
674 1521 791 1559 opere
811 1508 970 1558 incepto
992 1507 1168 1547 Caesaris
1189 1515 1414 1547 castrorum.

125 1581 178 1621 74
251 1575 482 1621 Pharnaces,
519 1587 609 1612 cum
645 1573 684 1612 id
718 1580 878 1623 repente
907 1573 1032 1622 prima
1058 1575 1145 1611 luce
1174 1572 1524 1620 animadvertisset,

196 1639 328 1689 copias
363 1652 451 1676 suas
483 1637 611 1677 omnis
644 1651 713 1687 pro
744 1636 878 1675 castris
913 1636 1100 1675 instruxit.
1161 1637 1270 1685 Quas
1299 1637 1527 1687 interposita

195 1710 302 1740 tanta
341 1704 517 1741 locorum
561 1701 766 1752 iniquitate
809 1701 1095 1740 consuetudine
1138 1701 1260 1751 magis
1303 1703 1527 1752 pervulgata

196 1767 350 1805 militari
366 1767 551 1805 credebat
567 1765 703 1804 instrui
719 1767 863 1805 Caesar
878 1767 938 1804 vel
958 1767 1009 1804 ad
1025 1779 1124 1816 opus
1145 1779 1259 1804 suum
1276 1767 1523 1813 tardandum,

196 1845 275 1881 quo
296 1833 425 1881 plures
452 1831 492 1869 in
518 1831 635 1869 armis
656 1838 889 1877 tenerentur,
912 1832 973 1869 vel
992 1832 1043 1869 ad
1068 1830 1372 1869 ostentationem
1398 1830 1526 1881 regiae

166 1918 169 1920 -
196 1896 374 1943 fiduciae,
398 1910 448 1934 ne
476 1895 694 1934 munitione
721 1895 842 1945 magis
870 1908 988 1944 quam
1016 1908 1135 1933 manu
1162 1896 1373 1941 defendere
1393 1896 1524 1934 locum

160 1979 174 1999 2
197 1962 417 1998 Pharnaces
438 1960 642 1998 videretur.
702 1961 842 2010 Itaque
871 1959 1076 1998 deterritus
1103 1973 1183 1998 non
1210 1967 1268 1998 est
1292 1972 1372 2009 quo
1395 1960 1525 1999 minus

196 2025 320 2075 prima
348 2025 432 2063 acie
462 2038 532 2074 pro
561 2026 662 2063 vallo
691 2024 878 2063 instructa
911 2024 1059 2074 reliqua
1090 2037 1177 2074 pars
1206 2023 1396 2063 exercitus
1425 2038 1524 2075 opus

158 2100 176 2131 3
196 2091 348 2127 faceret.
411 2091 465 2127 At
504 2090 724 2128 Pharnaces
763 2089 954 2139 impulsus
992 2089 1072 2127 sive
1110 2088 1186 2127 loci
1224 2087 1406 2127 felicitate
1444 2088 1524 2127 sive

239 2203 258 2230 3
287 2191 387 2222 Verba
404 2201 559 2231 magnam
578 2192 611 2222 in
630 2191 697 2222 illis
716 2192 868 2231 partibus
889 2191 990 2222 habet
1008 2191 1214 2222 nobilitatem
1231 2201 1292 2221 suo
1309 2190 1374 2221 loco
1390 2191 1526 2222 reddidit

199 2235 369 2273 Vielltaber,
387 2239 460 2274 post
474 2245 581 2265 vocem
598 2235 725 2274 oppido
740 2235 833 2265 habet
848 2235 887 2274 E,
902 2239 979 2275 post
992 2245 1099 2265 vocem
1117 2235 1293 2265 itineribus
1310 2238 1373 2265 cett.
1503 2246 1522 2273 4

194 2283 245 2309 est
262 2277 337 2309 add.
360 2278 390 2307 V
388 2278 527 2309 iellzaber
612 2279 717 2308 locum
739 2278 797 2308 alii
815 2279 908 2308 aliter
924 2282 1113 2318 corruptum
1134 2281 1259 2308 censent
1393 2288 1428 2307 11
1455 2289 1522 2308 non

193 2332 258 2352 om.
274 2321 351 2351 DT'
451 2332 488 2360 17
511 2321 587 2351 Huc
605 2321 654 2351 T':
676 2321 749 2352 Hoc
760 2321 847 2352 D'L‘
914 2320 972 2361 ex]
989 2326 1023 2351 et
1042 2326 1076 2351 ut
1090 2321 1123 2351 E
1212 2321 1250 2350 18
1273 2320 1520 2359 agerenturX:

192 2369 331 2403 agerent
349 2363 412 2395 cod.
432 2365 543 2395 Pelav.
562 2377 567 2394 :
593 2365 708 2403 aggeri
723 2365 865 2395 Kuebler
878 2366 936 2405 qui
949 2374 1010 2404 per
1025 2368 1099 2395 ante
1118 2364 1251 2395 servitia
1269 2363 1344 2395 add.
1483 2374 1523 2403 19

195 2408 285 2437 mille
303 2409 338 2437 δ;
364 2418 429 2438 om.
450 2407 487 2436 X

1552 557 1570 589 5

1552 882 1591 903 10

1550 1203 1588 1235 15

1547 1523 1588 1545 20

1546 1844 1585 1876 25
