1705 2729
452 139 525 174 DE
555 138 735 175 BELLO
766 137 942 176 CIVILI
974 139 1076 175 LIB.
1112 140 1175 176 ΙΙΙ

157 248 341 297 legendos
373 254 569 284 curaverat
603 259 792 296 agrosque
824 247 862 284 in
894 247 1018 285 Gallia
1049 262 1094 285 ex
1124 247 1302 286 hostibus
1337 257 1472 298 captos

156 309 403 360 praemiaque
433 310 485 348 rei
520 309 764 359 pecuniariae
795 324 934 360 magna
964 311 1148 349 tribuerat
1177 313 1473 361 locupletesque

155 388 201 411 ex
221 373 422 422 egentibus
444 375 594 412 fecerat.
656 374 711 411 Hi
732 382 888 424 propter
908 375 1086 413 virtutem
1112 389 1192 413 non
1220 377 1345 414 solum
1367 377 1471 425 apud
1494 384 1511 414 3

157 439 362 477 Caesarem
393 438 431 475 in
462 440 610 477 honore
640 447 747 476 erant
777 440 846 477 sed
876 439 991 477 etiam
1021 441 1127 489 apud
1155 440 1363 478 exercitum
1395 440 1472 478 cari

118 515 135 546 5
156 501 399 540 habebantur
413 516 422 548 ,-
452 503 520 540 sed
548 501 631 540 freti
658 501 827 540 amicitia
849 503 1025 541 Caesaris
1046 511 1083 541 et
1108 505 1224 541 stulta
1243 517 1289 541 ac
1310 504 1473 542 barbara

154 565 369 614 arrogantia
398 566 486 604 elati
518 565 787 615 despiciebant
821 580 911 604 suos
946 567 1264 617 stipendiumque
1296 568 1471 617 equitum

155 630 385 667 fraudabant
406 638 443 668 et
464 631 648 680 praedam
670 644 827 669 omnem
849 633 1012 669 domum
1034 633 1270 670 avertebant.
1317 632 1472 680 Quibus
1493 643 1512 672 4

155 693 207 730 illi
246 694 359 732 rebus
398 694 563 744 permoti
602 694 769 733 universi
804 697 1011 734 Caesarem
1050 697 1229 735 adierunt
1265 699 1473 746 palamque

154 759 204 796 de
242 771 375 796 eorum
418 758 564 796 iniuriis
610 766 699 796 sunt
744 759 869 808 questi
908 768 945 798 et
983 761 1033 798 ad
1071 768 1199 798 cetera
1236 761 1473 800 addiderunt

99 837 139 859 lo
155 823 291 860 salsum
312 822 361 860 ab
382 822 440 860 his
461 822 636 872 equitum
657 836 862 862 numerum
884 824 1021 862 deferri
1046 837 1211 874 quorum
1234 825 1472 875 stipendium

152 893 375 924 averterent.

206 950 349 988 Caesar
379 963 507 1000 neque
541 959 694 1001 tenipus
729 951 824 991 illud
853 953 1198 991 animadversionis
1229 967 1313 992 esse
1347 953 1471 992 existi-
1489 954 1547 991 60

154 1026 263 1051 mans
285 1021 321 1051 et
342 1015 463 1052 multa
483 1014 611 1052 virtuti
639 1028 772 1053 eorum
800 1017 1022 1054 concedens
1050 1030 1129 1054 rem
1155 1024 1276 1055 totam
1298 1017 1472 1065 distulit;

154 1077 238 1115 illos
277 1085 426 1115 secreto
464 1078 672 1128 castigavit,
714 1080 821 1128 quod
865 1080 1042 1128 quaestui
1082 1080 1231 1129 equites
1271 1081 1471 1126 haberent,

98 1156 133 1188 15
155 1141 384 1191 monuitque
418 1150 459 1180 ut
493 1156 539 1180 ex
572 1156 641 1181 sua
678 1143 848 1181 amicitia
886 1144 1018 1181 omnia
1057 1152 1325 1194 exspectarent
1357 1153 1394 1183 et
1428 1160 1473 1184 ex

154 1205 365 1255 praeteritis
397 1206 475 1244 suis
507 1207 641 1245 officiis
674 1207 820 1257 reliqua
852 1216 1058 1258 sperarent.
1120 1211 1307 1259 Magnam
1342 1218 1472 1248 tamen
1494 1228 1508 1248 2

153 1271 249 1316 haec
288 1284 346 1308 res
384 1270 457 1308 illis
496 1271 751 1310 offensionem
792 1280 829 1310 et
871 1273 1206 1322 contemptionem
1249 1275 1299 1312 ad
1346 1274 1473 1313 omnis

153 1332 288 1380 attulit,
315 1333 433 1384 idque
460 1334 512 1372 ita
539 1348 623 1373 esse
650 1349 739 1373 cum
770 1350 816 1374 ex
842 1336 1004 1375 aliorum
1033 1337 1362 1377 obiectationibus
1390 1347 1472 1377 tum

153 1397 269 1435 etiam
297 1411 343 1436 ex
372 1398 590 1437 domestico
619 1399 764 1438 iudicio
794 1408 911 1450 atque
941 1401 1060 1438 animi
1095 1401 1335 1440 conscientia
1366 1402 1474 1441 intel·
1511 1412 1517 1415 “

98 1478 137 1500 20
154 1461 342 1511 legebant.
403 1464 494 1512 Quo
518 1465 668 1514 pudore
691 1465 853 1503 adducti
883 1473 920 1503 et
950 1467 1111 1504 fortasse
1141 1479 1221 1504 non
1251 1480 1292 1505 se
1321 1466 1474 1505 liberari
1495 1481 1512 1511 3

154 1527 222 1564 sed
251 1525 290 1563 in
319 1526 424 1566 aliud
454 1535 607 1578 tempus
638 1529 819 1567 reservari
849 1529 1019 1567 arbitrati
1050 1530 1251 1569 discedere
1280 1531 1330 1569 ab
1360 1531 1474 1569 nobis

154 1598 191 1629 et
221 1604 361 1629 novam
394 1600 582 1643 temptare
616 1594 811 1632 fortunam
850 1608 1051 1644 novasque
1089 1595 1277 1633 amicitias
1312 1596 1473 1646 experiri

154 1656 446 1695 constituerunt.
521 1660 570 1696 Et
609 1671 698 1696 cum
737 1658 871 1709 paucis
914 1659 1096 1697 collocuti
1136 1659 1343 1698 clientibus
1382 1660 1513 1707 suis,4

154 1720 295 1770 quibus
316 1729 467 1760 tantum
487 1722 636 1761 facinus
657 1723 901 1762 committere
921 1724 1130 1770 audebant,
1154 1724 1323 1774 primum
1344 1724 1474 1764 conati

97 1795 134 1826 25
154 1792 244 1823 sunt
290 1786 528 1835 praefectum
576 1787 752 1837 equiturn
792 1789 835 1827 C.
877 1789 1122 1826 Volusenum
1164 1788 1390 1836 interficere,
1433 1797 1474 1827 ut

154 1856 290 1898 postea
315 1850 419 1889 bello
446 1853 627 1890 confecto
656 1852 856 1902 cognitum
884 1860 951 1900 est,
975 1860 1016 1891 ut
1043 1866 1133 1891 cum
1160 1866 1322 1892 munere
1341 1853 1473 1903 aliquo

153 1913 364 1963 perfugisse
383 1916 434 1953 ad
456 1916 688 1966 Pompeium
709 1916 930 1955 viderentur
946 1932 954 1964 3
988 1924 1197 1967 postquam
1217 1917 1257 1956 id
1278 1917 1472 1956 difficilius
1492 1930 1509 1960 5

153 1977 278 2015 visum
308 1985 365 2016 est
394 1992 522 2029 neque
552 1981 714 2018 facultas
745 1981 973 2030 perficiendi
1003 1981 1178 2028 dabatur,
1211 1995 1329 2031 quam
1359 1981 1474 2019 maxi-

155 2054 236 2079 mas
267 2049 477 2092 potuerunt
509 2043 695 2093 pecunias
725 2044 899 2091 mutuati,
932 2045 1097 2095 proinde
1127 2058 1172 2083 ac
1200 2046 1238 2083 sz'
1263 2045 1341 2084 suis
1369 2045 1474 2083 satis-

98 2117 139 2148 30
155 2106 279 2143 facere
308 2113 346 2144 et
374 2107 550 2145 fraudata
578 2107 778 2146 restituere
804 2110 956 2156 vellent,
988 2109 1119 2148 multis
1146 2109 1338 2159 coemptis
1365 2110 1474 2159 equis

154 2170 204 2208 ad
235 2170 465 2220 Pompeium
497 2171 730 2211 transierunt
763 2187 853 2212 cum
887 2174 941 2212 eis
973 2188 1072 2224 quos
1102 2174 1161 2213 sui
1193 2174 1330 2213 consili
1364 2175 1476 2224 parti-

155 2232 260 2283 cipes
280 2235 486 2274 habebant.

210 2299 319 2346 Quos
354 2299 574 2350 Pompeius,
608 2303 716 2351 quod
755 2310 862 2340 erant
901 2303 1067 2341 honesto
1106 2304 1194 2341 loco
1233 2303 1312 2341 nati
1346 2311 1383 2342 et
1422 2302 1475 2340 in—
1493 2303 1539 2340 61

329 2405 370 2433 29
394 2396 421 2426 si
439 2395 514 2428 add.
532 2396 622 2427 Paul
759 2408 798 2436 31
825 2409 899 2429 cum
919 2423 923 2429 .
946 2422 950 2428 .
973 2424 977 2429 .
996 2409 1037 2438 33
1062 2404 1158 2430 erant
1175 2410 1238 2429 om.
1258 2399 1302 2429 D'

200 2446 290 2468 CAES.
309 2447 370 2469 B.c.
1369 2448 1387 2469 s
