1705 2729
449 109 524 146 DE
554 109 734 147 BELLO
764 109 942 147 CIVILI
974 110 1076 147 LIB.
1111 111 1128 147 I

131 218 299 268 perabat.
361 219 474 256 Haec
508 231 649 267 magno
684 218 814 256 studio
847 219 996 267 agebat.
1059 221 1105 257 In
1137 220 1306 258 Lucanis
1342 223 1450 258 Brut-

130 281 271 331 tiisque
318 294 385 331 per
432 283 578 331 legatos
627 295 717 320 suos
767 281 910 320 civium
960 284 1233 322 Romanorum
1282 284 1449 323 dilectus

130 346 309 392 habebat,
346 345 521 396 equitum
557 346 813 397 peditumque
845 354 993 385 certum
1026 362 1233 386 numerum
1267 362 1290 386 a
1322 349 1450 387 civita-

129 410 231 448 tibus
279 410 431 449 Siciliae
479 411 665 461 exigebat.
737 411 892 460 Quibus
931 413 1046 450 rebus
1094 426 1220 462 paene
1267 414 1448 462 perfectis
1468 421 1484 450 5

91 475 298 520 5adventu
328 475 510 514 Curionis
544 476 702 525 cognito
741 476 913 526 queritur
946 476 986 514 in
1021 477 1207 516 contione
1247 491 1331 516 sese
1364 491 1449 527 pro-

127 538 271 577 iectum
302 552 347 577 ac
378 539 575 589 proditum
610 554 632 578 a
667 542 738 579 Cn.
774 540 976 590 Pompeio,
1013 541 1079 590 qui
1114 540 1298 579 omnibus
1333 542 1448 580 rebus

126 602 431 652 imparatissimis
452 617 531 642 non
553 604 815 642 necessarium
838 605 984 643 bellum
1005 605 1240 655 suscepisset
1267 613 1304 643 et
1330 606 1380 643 ab
1407 619 1448 644 se

127 667 361 718 reliquisque
381 668 419 706 in
441 676 577 707 senatu
599 669 854 719 interrogatus
876 669 1009 708 omnia
1029 670 1103 709 sibi
1124 684 1208 708 esse
1228 672 1279 709 ad
1299 671 1446 709 bellum

125 738 216 781 apta
247 746 292 770 ac
323 740 455 782 parata
480 733 797 772 confirmavisset.
859 735 972 773 Haec
1001 734 1040 772 in
1070 734 1256 773 contione
1286 743 1447 784 questus

69 808 106 830 10
125 809 172 834 ex
190 795 390 845 provincia
409 797 514 847 fugit.

178 860 294 899 Nacti
335 875 476 900 vacuas
518 862 569 900 ab
611 862 782 912 imperiis
831 862 1049 901 Sardiniam
1093 862 1283 909 ValeriuS,
1325 863 1445 902 Curio
1465 870 1507 905 31

123 924 304 971 Siciliam,
336 939 425 963 curn
458 926 689 965 exercitibus
721 940 768 965 eo
797 927 1038 976 perveniunt.
1098 928 1258 965 Tubero
1288 941 1377 965 cum
1406 927 1443 965 in
1467 943 1481 963 2

122 989 294 1028 Africam
320 990 498 1038 venisset,
523 991 671 1029 invenit
695 991 733 1029 in
760 991 960 1041 provincia
987 1005 1077 1030 cum
1105 992 1270 1042 imperio
1292 992 1443 1030 Attium

121 1055 268 1092 Varum
291 1069 300 1101 3
347 1054 415 1104 qui
461 1056 512 1093 ad
560 1055 784 1102 Auximum,
821 1063 863 1094 ut
911 1069 1026 1105 supra
1074 1055 1441 1102 demonstravimus,

64 1130 100 1162 15
120 1117 272 1156 amissis
301 1118 528 1157 cohortibus
557 1119 732 1168 protinus
760 1132 806 1157 ex
830 1120 919 1169 fuga
946 1119 985 1156 in
1013 1118 1185 1157 Africam
1214 1127 1442 1169 pervenerat

119 1189 237 1231 atque
279 1195 365 1220 eam
406 1196 476 1221 sua
518 1191 658 1233 sponte
703 1197 866 1221 vacuam
909 1190 1168 1232 occupaverat
1216 1183 1442 1233 dilectuque

119 1245 254 1284 habito
277 1247 375 1285 duas
399 1247 572 1298 legiones
593 1249 783 1294 effecerat,
806 1247 1012 1285 hominum
1041 1255 1078 1286 et
1103 1249 1278 1286 locorum
1304 1248 1442 1286 notitia

119 1317 156 1348 et
182 1324 254 1349 usu
284 1310 366 1349 eius
397 1311 619 1361 provinciae
651 1320 787 1350 nactus
817 1311 944 1350 aditus
972 1313 1023 1350 ad
1047 1325 1093 1350 ea
1117 1313 1309 1358 conanda,
1332 1313 1441 1361 quod

118 1374 251 1424 paucis
277 1382 368 1414 ante
391 1376 503 1415 annis
534 1390 579 1414 ex
609 1384 787 1426 praetura
817 1390 903 1414 eam
933 1376 1175 1425 provinciam
1205 1376 1438 1415 obtinuerat.

60 1451 100 1473 20
119 1439 199 1477 Hic
230 1440 451 1479 venientem
487 1441 646 1480 Uticam
686 1440 850 1479 navibus
884 1441 1138 1479 Tuberonem
1173 1448 1287 1490 portu
1321 1448 1440 1490 atque
1460 1458 1477 1488 3

117 1504 265 1554 oppido
285 1505 466 1556 prohibet
487 1520 615 1556 neque
635 1507 835 1545 adfectum
855 1505 1079 1544 valetudine
1100 1505 1222 1543 filiurn
1245 1519 1438 1555 exponere

115 1567 154 1606 in
175 1576 273 1607 terra
293 1570 446 1620 patitur,
470 1572 539 1609 sed
561 1570 722 1609 sublatis
743 1569 896 1609 ancoris
917 1571 1104 1608 excedere
1125 1583 1173 1608 eo
1194 1571 1282 1608 loco
1303 1570 1415 1620 cogit.

169 1634 244 1672 His
265 1635 380 1673 rebus
401 1635 590 1674 confectis
612 1637 767 1682 Caesar,
790 1642 832 1673 ut
859 1634 1052 1684 reliquum
1078 1642 1232 1684 tempus
1257 1648 1279 1672 a
1303 1635 1436 1674 labore
1455 1644 1506 1681 32

113 1697 438 1747 intermitteretur,
463 1700 603 1739 milites
628 1700 668 1738 in
698 1700 874 1750 proxima
900 1699 1114 1749 municipia
1138 1699 1323 1746 deducit,
1352 1699 1434 1749 ipse

56 1777 92 1809 25
112 1764 162 1801 ad
183 1764 320 1802 urbem
340 1765 607 1814 proficiscitur.
667 1766 818 1805 Coacto
839 1772 976 1803 senatu
998 1764 1155 1802 iniurias
1185 1763 1433 1803 inimicorum
1456 1777 1470 1797 2

112 1837 404 1868 commemorat.
465 1832 594 1869 Docet
618 1844 659 1869 se
686 1831 837 1868 nullum
868 1828 1214 1868 extraordinarium
1242 1830 1433 1867 honorem

111 1893 316 1941 appetisse,
353 1895 422 1932 sed
456 1902 679 1944 exspectato
717 1894 891 1944 legitimo
926 1902 1101 1944 tempore
1131 1895 1356 1932 consulatus
1386 1907 1433 1932 eo

111 1957 228 1996 fuisse
249 1965 478 1996 contentum
500 1960 608 2008 quod
629 1958 813 1997 omnibus
835 1958 985 1996 civibus
1002 1965 1159 2008 pateret.
1221 1959 1361 1995 Latum
1382 1958 1433 1995 ab
1453 1968 1471 1997 3

111 2032 138 2058 x
172 2021 336 2061 tribunis
374 2022 500 2072 plebis
539 2022 898 2062 contradicentibus
938 2021 1116 2069 inimicis,
1155 2022 1307 2061 Catone
1340 2035 1432 2060 vero

53 2099 92 2130 30
109 2086 294 2125 acerrime
314 2094 555 2137 repugnante
582 2095 620 2125 et
647 2086 808 2137 pristina
835 2086 1122 2125 consuetudine
1143 2085 1301 2124 dicendi
1323 2099 1431 2124 mora

110 2150 193 2189 dies
222 2153 458 2199 extrahente,
490 2159 532 2190 ut
561 2151 620 2189 sui
650 2151 746 2190 ratio
775 2151 948 2190 absentis
978 2151 1196 2197 haberetur,
1226 2149 1311 2200 ipso
1340 2163 1430 2188 con-

156 2264 189 2284 11
212 2259 286 2294 post
301 2265 423 2286 vacuas
441 2255 515 2286 add.
533 2255 724 2295 provincias
740 2255 786 2285 D'
927 2265 969 2294 29
991 2255 1121 2285 Catone
1139 2278 1145 2284 .
1166 2279 1172 2285 .
1191 2276 1199 2285 .
1218 2258 1428 2293 repugnante

110 2321 117 2328 .
136 2322 142 2328 .
161 2321 169 2328 .
189 2298 390 2329 extrahente
408 2298 540 2330 Aldus:
577 2299 741 2330 Catonem
761 2322 767 2330 .
787 2321 794 2328 .
817 2323 823 2330 .
843 2303 1090 2339 repugnantem
1106 2321 1113 2329 .
1136 2321 1142 2328 .
1162 2321 1168 2328 .
1190 2298 1427 2328 extrahentem

111 2341 308 2380 (extrahens
325 2341 383 2381 D')
402 2341 439 2371 X

1302 2395 1341 2424 2*
