1705 2729
617 155 851 193 INCERTI
884 156 1072 194 AVCTO
1081 156 1164 193 Rls

191 278 207 307 5
227 278 408 303 annonae
425 264 623 303 caritatem
640 272 730 302 ante
751 273 858 314 parta
879 273 1214 315 consumpserant.
1265 265 1421 314 Quibus
1437 265 1553 303 rebus

227 329 415 367 attenuati
437 329 585 379 oppido
602 343 788 379 perquam
805 330 918 379 pauci
940 331 1013 368 sub
1033 330 1200 380 pellibus
1220 330 1551 380 adquiescebant:

228 393 364 444 reliqui
392 408 438 433 ex
463 394 703 432 vestimentis
736 395 952 433 tentoriolis
983 395 1093 434 sactis
1123 403 1240 445 atque
1267 394 1553 434 harundinibus

190 469 208 497 6
229 458 437 508 scopisque
477 459 668 498 contextis
708 461 1002 509 permanebant.
1082 462 1221 510 Itaque
1260 459 1391 498 subito
1429 459 1554 497 imbre

227 523 495 573 grandineque
538 532 751 563 consecuta
793 525 957 575 gravatis
999 527 1173 575 pondere
1222 525 1396 563 tentoriis
1438 538 1554 574 aqua·
1573 536 1591 566 5

228 601 394 638 rumque
423 588 459 626 vi
490 589 659 627 subrutis
690 589 952 639 disiectisque,
985 598 1101 628 nocte
1131 590 1366 639 intempesta
1398 588 1554 638 ignibus

228 651 438 699 exstinctis,
480 653 595 691 rebus
626 667 726 703 quae
755 655 805 692 ad
836 653 981 691 victum
1017 654 1213 704 pertinent
1252 653 1436 692 omnibus
1474 666 1554 691 cor-

229 716 349 766 ruptis
384 730 453 766 per
482 725 606 755 castra
635 718 779 768 passim
810 719 1050 768 vagabantur
1080 718 1279 768 scutisque
1308 717 1436 767 capita
1464 731 1555 756 con-

229 782 422 831 tegebant.
484 784 636 821 Eadem
667 791 784 822 nocte
811 796 845 821 v.
870 783 1032 833 legionis
1062 783 1229 833 pilorum
1260 782 1466 821 cacumina
1486 795 1556 820 sua

229 854 369 896 sponte
398 855 583 885 arserunt.
1577 858 1616 880 10

158 914 211 961 48
285 913 370 949 Rex
400 911 553 950 interim
585 913 685 951 Iuba
714 914 763 951 de
793 913 961 963 equestri
996 913 1145 963 proelio
1184 912 1377 963 Scipionis
1416 911 1556 951 certior

230 977 353 1014 factus
375 984 638 1027 evocatusque
658 978 709 1016 ab
733 979 875 1017 eodem
897 978 1031 1016 litteris
1052 979 1247 1028 praefecto
1277 978 1444 1016 Saburra
1464 990 1555 1015 cum

230 1049 337 1090 parte
359 1041 548 1080 exercitus
573 1051 709 1081 contra
730 1042 885 1081 Sittium
914 1043 1059 1089 relicto,
1083 1050 1125 1081 ut
1149 1055 1283 1081 secum
1305 1042 1387 1091 ipse
1407 1041 1556 1091 aliquid

229 1105 469 1144 auctoritatis
489 1108 652 1145 adderet
673 1107 855 1146 exercitui
878 1107 1071 1157 Scipionis
1092 1121 1137 1145 ac
1159 1115 1343 1146 terrorem
1365 1105 1553 1152 Caesaris,

229 1185 319 1209 cum
350 1171 472 1210 tribus
493 1171 711 1221 legionibus
742 1171 1019 1221 equitibusque
1046 1171 1202 1210 frenatis
1232 1182 1347 1218 DCCC,
1371 1169 1556 1208 Numidis
1578 1186 1614 1218 15

230 1236 313 1274 sine
347 1236 464 1274 frenis
502 1236 780 1286 peditibusque
815 1237 909 1275 levis
948 1244 1164 1275 armaturae
1203 1235 1339 1286 grandi
1378 1249 1553 1282 numero,

230 1301 447 1351 elephantis
469 1313 558 1339 xxx
579 1315 753 1352 egressus
771 1315 791 1340 e
813 1315 930 1351 regno
951 1303 1001 1340 ad
1023 1301 1248 1352 Scipionem
1269 1308 1326 1339 est
1347 1302 1553 1351 profectus.

195 1383 210 1404 2
232 1368 446 1416 Postquam
476 1368 526 1404 ad
557 1380 647 1404 eurn
677 1366 862 1416 pervenit,
895 1366 1029 1405 castris
1059 1366 1172 1416 regiis
1212 1379 1387 1405 seorsum
1421 1365 1557 1416 positis

231 1445 321 1470 cum
365 1431 419 1470 eis
463 1431 585 1481 copiis
626 1444 722 1481 quas
765 1431 1082 1478 commemoravi,
1124 1432 1231 1470 haud
1268 1431 1321 1469 ita
1354 1432 1470 1480 longe
1506 1430 1556 1468 ab

195 1509 213 1539 3
231 1495 414 1546 Scipione
435 1495 777 1534 consedits—Erat
807 1496 847 1534 in
876 1496 1009 1534 castris
1040 1495 1217 1535 Caesaris
1247 1494 1444 1545 superiore
1465 1502 1558 1532 tem-
1579 1511 1617 1534 20

231 1574 323 1610 pore
362 1574 525 1610 magnus
559 1568 689 1607 terror,
726 1568 763 1599 et
802 1560 1092 1611 exspectatione
1132 1560 1333 1611 copiarum
1367 1559 1557 1610 regiarum

231 1625 420 1664 exercitus
441 1625 523 1664 eius
545 1626 666 1675 magis
683 1626 930 1676 suspensiore
946 1625 1079 1664 animo
1095 1633 1186 1664 ante
1201 1627 1416 1664 adventum
1435 1624 1558 1662 Iubae

231 1691 579 1738 commovebatur3
627 1699 837 1741 postquam
883 1704 974 1729 vero
1023 1699 1147 1729 castra
1201 1690 1334 1729 castris
1379 1689 1555 1736 contulit,

231 1755 424 1806 despectis
455 1756 537 1794 eius
567 1756 690 1806 copiis
720 1769 879 1794 omnem
908 1756 1089 1794 timorem
1114 1755 1287 1806 deponit.
1349 1756 1410 1793 Ita
1438 1767 1557 1804 quam

230 1829 345 1859 antea
373 1821 515 1859 absens
545 1822 735 1859 habuerat
760 1821 1043 1868 auctoritatem,
1067 1835 1153 1860 earn
1183 1834 1343 1859 ornnem
1372 1833 1556 1870 praesens
1578 1834 1615 1865 25

193 1902 211 1930 4
231 1885 593 1934 dimiserat.—Quo
623 1887 726 1924 facto
758 1885 879 1924 cuivis
912 1885 1023 1924 facile
1055 1885 1125 1924 fuit
1152 1885 1353 1924 intellectu
1382 1883 1557 1934 Scipioni

194 1969 210 1999 5
230 1950 409 1989 additum
430 1950 606 1988 animum
628 1950 894 2001 fiduciamque
914 1951 1012 2000 regis
1033 1952 1215 1989 adventu.
1276 1951 1379 1988 Nam
1400 1956 1557 1999 postero

274 2066 292 2094 4
319 2055 494 2095 scopisque
521 2055 584 2086 cod.
612 2055 729 2096 Scalzg.
753 2067 759 2086 :
797 2056 969 2095 copiisque
995 2055 1084 2086 DT:
1118 2055 1223 2094 copiis
1249 2054 1299 2085 V:
1333 2054 1499 2093 coriisque
1516 2052 1558 2082 L'

231 2109 249 2137 5
273 2099 419 2138 gravatis
440 2098 657 2139 Ottdendmp:
686 2105 824 2138 gravata
841 2099 878 2128 X
1045 2099 1200 2129 tentoriis
1221 2097 1436 2138 Oudendorp:
1463 2102 1556 2127 tene-

230 2143 298 2172 bris
314 2140 352 2171 X
527 2153 758 2182 aquarumque
776 2143 807 2173 vi
826 2143 973 2173 subrutis
994 2141 1190 2182 Oudendoap
1207 2153 1214 2172 z
1237 2151 1389 2180 aquaque
1407 2142 1557 2180 (aquam-

230 2196 295 2225 que
319 2185 369 2225 T‘)
388 2185 440 2216 vel
458 2186 598 2216 subruta
614 2185 652 2215 X
772 2187 793 2215 6
818 2187 1035 2225 disiectisque
1055 2184 1253 2224 Oudendmp
1269 2196 1276 2215 z
1299 2185 1507 2223 disiectaque
1523 2181 1561 2212 X

231 2239 248 2268 7
274 2229 446 2268 pertinent
463 2233 484 2258 λ
502 2241 508 2259 :
534 2230 654 2267 partim
673 2227 711 2258 X
811 2240 832 2269 9
848 2240 870 2259 v
886 2229 962 2259 DL‘
979 2241 985 2259 :
1011 2239 1035 2259 11
1059 2228 1094 2258 T'
1186 2239 1223 2267 14
1240 2228 1380 2259 adderet
1393 2226 1557 2258 exercitui

232 2272 430 2312 Oudendorp
447 2285 452 2302 ε
476 2272 616 2302 haberet
635 2273 803 2303 exercitus
820 2272 858 2302 X
1039 2283 1076 2303 ac
1094 2277 1258 2303 terrorem
1278 2271 1496 2310 Oudendorp:
1520 2280 1557 2300 ac

229 2320 361 2346 terrore
386 2315 532 2346 DU'T‘:
565 2326 584 2345 a
605 2321 736 2346 terrore
759 2315 788 2345 L
940 2317 979 2346 16
1002 2316 1085 2346 levis
1108 2315 1195 2346 codd.
1224 2315 1333 2345 Petav.
1355 2318 1384 2344 et
1401 2314 1530 2344 Norvic.
1549 2324 1555 2342 :

230 2359 302 2390 eius
320 2358 357 2388 X
515 2369 552 2388 21
582 2360 838 2398 exspectatione
856 2359 924 2389 cod.
942 2359 1060 2399 Scaltg.
1082 2371 1088 2389 :
1121 2359 1331 2398 exspectatio
1351 2357 1389 2388 X
1516 2357 1558 2386 26

230 2403 405 2474 ἰηῐῗῌρεῖιι
422 2402 491 2433 edd.
514 2414 519 2432 2
539 2402 749 2433 intellectum
762 2408 781 2432 λ
800 2414 806 2433 :
831 2403 990 2433 inlectum
1006 2402 1081 2433 DT'
1097 2413 1103 2432 :
1120 2402 1245 2432 illatum
1258 2400 1299 2431 L'
1387 2411 1426 2440 27
1445 2404 1555 2439 poste-

231 2455 266 2476 ra
