1705 2729
610 112 654 152 C.
689 113 804 150 IVLI
836 112 1105 151 CAESARIS

160 239 173 260 2
197 230 305 260 erant
326 234 369 260 xl
393 230 526 261 tectae.
590 223 717 260 Multa
738 223 814 260 huc
836 221 986 260 minora
1010 221 1160 271 navigia
1187 221 1348 267 addunt,
1372 229 1413 259 ut
1437 221 1521 272 ipsa

198 286 448 324 multitudine
487 293 619 324 nostra
657 286 789 324 classis
823 294 1017 324 terreatur.
1091 287 1281 336 Magnum
1313 299 1519 324 numerum

196 350 491 399 sagittariorum,
515 364 700 400 magnum
722 350 962 397 Albicorum,
987 352 1036 389 de
1057 349 1200 400 quibus
1221 363 1335 400 supra
1359 351 1520 388 demon-

195 422 357 452 stratum
385 422 451 461 est,
475 414 685 464 imponunt
708 423 826 466 atque
854 417 925 453 hos
952 414 1133 465 praemiis
1160 414 1520 464 pollicitationibus-

158 495 175 524 3
196 492 272 528 que
306 478 477 517 incitant.
539 481 674 519 Certas
710 479 782 518 sibi
817 480 996 529 deposcit
1031 478 1138 517 navis
1172 478 1369 517 Domitius
1402 486 1520 529 atque
1540 492 1557 524 5

195 544 264 581 has
289 543 438 582 colonis
466 544 778 594 pastoribusque,
802 558 901 594 quos
929 557 1061 582 secum
1089 544 1312 590 adduxerat,
1336 544 1517 594 complet.

154 623 173 653 4
195 607 259 646 Sic
280 608 463 646 omnibus
484 609 599 647 rebus
620 608 807 647 instructa
829 610 950 647 classe
972 621 1112 658 magna
1132 607 1276 646 fiducia
1295 608 1345 646 ad
1371 614 1520 646 nostras

194 671 302 710 navis
340 674 569 722 procedunt,
607 673 750 723 quibus
784 680 959 723 praeerat
1000 675 1047 710 D.
1086 675 1237 710 Brutus.
1318 674 1431 710 Haec
1469 673 1520 711 ad

193 736 370 784 insulam,
395 751 496 787 quae
516 745 573 776 est
595 746 730 776 contra
752 737 978 784 Massiliam,
1002 737 1188 776 stationes
1209 736 1451 776 obtinebant.

122 806 171 845 57
247 803 340 839 Erat
364 804 488 841 multo
515 802 671 841 inferior
698 816 862 841 nurnero
889 802 1047 841 navium
1078 804 1220 840 Brutus
1236 817 1245 849 3
1274 802 1343 840 sed
1373 802 1518 840 electos
1541 815 1579 837 10

192 879 239 904 ex
265 866 449 905 omnibus
476 867 695 917 legionibus
722 867 953 907 fortissimos
980 867 1091 914 viros,
1118 866 1404 916 antesignanos,
1432 879 1519 904 cen-

192 930 374 978 turiones,
408 933 552 970 Caesar
587 931 622 970 ei
651 932 764 970 classi
799 931 1037 978 attribuerat,
1070 931 1136 981 qui
1169 930 1242 969 sibi
1274 930 1314 969 id
1349 930 1519 969 muneris

157 1012 170 1033 2
193 996 516 1046 depoposcerant.
578 996 634 1035 Hi
658 1010 798 1045 manus
828 998 968 1035 ferreas
999 1003 1116 1046 atque
1144 997 1387 1046 harpagones
1414 1008 1519 1045 para-

191 1067 324 1098 verant
355 1074 577 1111 magnoque
605 1075 769 1100 numero
796 1061 974 1112 pilorum,
1003 1062 1238 1110 tragularum
1267 1059 1518 1110 reliquorum-

191 1137 268 1174 que
289 1126 454 1163 telorum
476 1139 516 1164 se
543 1125 810 1165 instruxerant.
872 1129 933 1165 Ita
959 1125 1117 1176 cognito
1144 1124 1315 1163 hostiurn
1347 1125 1518 1162 adventu
1541 1136 1578 1168 15

192 1202 280 1227 suas
301 1189 409 1228 navis
430 1203 476 1228 ex
496 1197 610 1240 portu
632 1192 815 1238 educunt,
840 1204 931 1229 cum
954 1189 1266 1229 Massiliensibus
1289 1188 1514 1238 confligunt.

155 1265 172 1295 3
194 1255 414 1303 Pugnatum
445 1262 501 1292 est
531 1255 726 1305 utrimque
756 1254 964 1294 fortissime
992 1262 1110 1305 atque
1139 1253 1324 1292 acerrime
1339 1267 1349 1301 3
1389 1266 1518 1303 neque

192 1319 359 1357 multum
388 1318 517 1357 Albici
546 1319 688 1358 nostris
717 1319 857 1358 virtute
887 1320 1092 1366 cedebant,
1115 1319 1295 1358 homines
1325 1317 1450 1368 asperi
1480 1325 1518 1356 et

153 1397 173 1427 4
192 1382 369 1421 montani
399 1390 436 1422 et
466 1383 661 1422 exercitati
692 1384 730 1422 in
759 1384 875 1422 armis
891 1399 900 1431 3
937 1392 1055 1434 atque
1084 1384 1124 1422 hi
1154 1386 1275 1424 modo
1304 1382 1465 1433 digressi
1493 1396 1517 1420 a

193 1447 506 1487 Massiliensibus
534 1456 730 1487 recentem
752 1462 887 1487 eorum
911 1448 1234 1499 pollicitationem
1261 1448 1401 1487 animis
1428 1461 1518 1486 con·
1539 1459 1578 1481 20

191 1511 379 1560 tinebant,
406 1521 659 1563 pastoresque
689 1513 742 1551 illi
765 1513 915 1552 Domiti
945 1527 1013 1563 spe
1043 1513 1229 1552 libertatis
1260 1511 1414 1552 excitati
1444 1512 1516 1551 sub

191 1577 314 1616 oculis
335 1578 486 1616 domini
507 1591 617 1616 suam
639 1579 803 1628 probare
824 1592 983 1629 operam
1006 1580 1227 1618 studebant.

119 1640 170 1687 58
246 1642 327 1692 Ipsi
350 1642 615 1682 Massilienses
636 1650 674 1682 et
694 1643 890 1683 celeritate
911 1644 1068 1683 navium
1091 1652 1128 1684 et
1149 1644 1311 1684 scientia
1330 1645 1518 1694 guberna·

190 1713 318 1745 torum
352 1707 491 1746 confisi
524 1716 678 1747 nostros
713 1710 926 1748 eludebant
960 1710 1208 1761 impetusque
1247 1723 1381 1748 eorum
1420 1708 1518 1747 exci-

190 1770 351 1821 piebant
371 1779 419 1819 et,
442 1774 575 1822 quoad
595 1773 737 1812 licebat
758 1773 893 1813 latiore
914 1774 970 1813 uti
992 1775 1127 1825 spatio,
1152 1776 1344 1825 producta
1364 1773 1516 1823 longius
1538 1784 1574 1815 25

189 1835 272 1874 acie
297 1836 576 1876 circumvenire
602 1846 756 1877 nostros
782 1846 849 1877 aut
877 1839 1052 1890 pluribus
1080 1840 1244 1878 navibus
1273 1838 1415 1878 adoriri
1444 1838 1518 1877 sin-

189 1902 297 1950 gulas
331 1908 397 1939 aut
428 1915 556 1940 remos
586 1910 890 1942 transcurrentes
921 1905 1132 1955 detergere,
1164 1904 1195 1942 si
1225 1911 1394 1954 possent,
1427 1916 1517 1941 con-

155 1979 169 2000 2
191 1966 406 2004 tendebant
421 1980 430 2013 ;
459 1980 550 2005 cum
572 1967 731 2018 propius
754 1976 834 2007 erat
854 1969 1073 2008 necessario
1093 1976 1253 2008 ventum
1277 1969 1327 2007 ab
1354 1967 1516 2007 scientia

189 2030 493 2079 gubernatorum
514 2039 633 2082 atque
653 2032 823 2071 artificiis
843 2034 894 2072 ad
915 2033 1095 2072 virtutem
1123 2041 1399 2072 montanorum
1426 2045 1517 2071 con-

154 2103 170 2133 3
189 2094 399 2144 fugiebant.
459 2098 604 2135 [Vestri
620 2110 710 2135 cum
738 2098 867 2136 minus
894 2098 1109 2137 exercitatis
1137 2098 1346 2148 remigibus
1373 2097 1516 2135 minus-
1535 2107 1575 2137 30

233 2198 253 2227 8
278 2197 371 2228 Haec
390 2198 510 2231 D'LF:
538 2200 599 2230 hec
621 2199 668 2230 U:
694 2200 758 2231 hae
781 2200 817 2231 T'
968 2212 1006 2240 19
1031 2201 1173 2240 digressi
1192 2200 1254 2232 L²z
1281 2200 1431 2239 degressi
1449 2203 1513 2230 cett.

189 2250 208 2270 a
225 2240 299 2271 add.
321 2253 339 2270 ν
454 2253 491 2272 21
520 2243 565 2273 illi
584 2243 707 2273 Domiti
725 2244 913 2275 Buecheler:
941 2244 1064 2275 Domiti
1081 2244 1289 2284 Hoffmann:
1315 2243 1465 2274 indomiti
1481 2241 1520 2272 X

190 2294 230 2322 25
256 2285 301 2314 uti
324 2283 474 2316 Vossius:
502 2291 536 2316 ut
557 2286 660 2317 U'T‘:
685 2292 741 2317 aut
758 2287 806 2318 L:
833 2298 897 2319 om.
917 2287 962 2317 D'
1130 2297 1169 2326 27
1195 2287 1370 2326 detergere
1388 2286 1417 2316 L
1435 2296 1512 2318 corr.

194 2327 301 2359 [PF-'2
328 2329 502 2359 deterrere
519 2333 582 2361 cett.
722 2332 764 2361 28
787 2336 935 2369 ventum,
957 2330 1149 2361 necessario
1168 2330 1350 2370 Landgraf
1471 2339 1515 2369 30

192 2370 305 2401 Nostri
323 2371 397 2402 add.
416 2372 527 2402 Aldus
626 2383 699 2404 cum
719 2376 848 2413 (quom)
866 2375 1049 2414 Elberlz'ng:
1074 2385 1140 2413 quo
1157 2374 1252 2405 D'T:
1278 2374 1333 2413 qui
1352 2373 1392 2404 L'
