1705 2729
88 553 104 585 5

68 875 105 897 10

67 1199 102 1230 15

64 1522 102 1544 20

63 1847 101 1877 25

62 2169 101 2199 30

427 171 499 206 DE
532 170 711 207 BELLO
742 169 951 206 AFRICO
983 170 1153 206 LIBER

127 282 194 319 uni
221 280 273 319 rei
298 288 429 318 tamen
457 279 655 317 invenerat
683 278 922 316 remedium:
953 291 1123 328 namque
1148 279 1377 328 elephantos
1405 292 1450 317 ex

128 345 240 384 Italia
269 343 518 394 transportari
543 343 714 389 iusserat,
737 356 815 392 quo
840 350 877 380 et
905 342 1015 380 miles
1042 350 1174 380 noster
1200 342 1451 392 speciemque

126 417 163 448 et
193 409 373 447 virtutem
405 408 554 447 bestiae
592 414 845 458 cognosceret
877 414 914 445 et
946 406 1009 445 cni
1038 406 1137 456 parti
1166 407 1337 456 corporis
1368 407 1450 445 eius

126 476 247 512 telum
269 473 380 511 facile
406 473 509 522 adigi
536 480 677 522 posset,
702 479 939 521 ornatusque
965 485 1011 509 ac
1035 471 1217 509 loricatus
1238 485 1327 509 cum
1350 478 1450 508 esset

126 540 296 588 elephas,
330 551 431 587 quae
462 551 549 587 pars
579 536 750 587 corporis
781 536 863 574 eius
893 536 976 574 sine
1006 536 1176 585 tegmine
1206 537 1313 574 nuda
1342 535 1451 573 relin-

125 611 316 653 queretur,
359 610 399 639 ut
439 616 486 640 eo
525 603 600 640 tela
642 601 915 648 coicerentur3
961 608 1160 650 praeterea
1198 608 1239 637 ut
1278 600 1451 637 iumenta

124 667 335 706 bestiarum
366 668 540 713 odorem,
572 665 787 710 stridorem,
820 665 990 714 speciem
1021 665 1307 703 consuetudine
1338 672 1450 713 capta

124 745 204 770 non
243 731 547 769 reformidarent.
620 730 774 778 Quibus
816 743 861 767 ex
899 730 1014 767 rebus
1053 729 1205 778 largiter
1243 736 1322 766 erat
1361 741 1486 771 con-5

124 804 305 834 secutus:
354 809 445 833 nam
484 803 521 833 et
560 794 702 833 milites
743 794 885 832 bestias
934 793 1114 832 manibus
1162 793 1450 843 pertrectabant

124 874 336 910 earumque
366 860 588 898 tarditatem
619 859 923 909 cognoscebant,
946 858 1177 908 equitesque
1206 857 1245 895 in
1276 871 1342 896 eos
1372 857 1450 906 pila

123 926 335 976 praepilata
350 925 582 971 coiciebant,
597 932 714 974 atque
729 924 767 961 in
782 923 1108 962 consuetudinem
1127 936 1249 972 equos
1263 922 1449 973 patientia

123 990 334 1029 bestiarum
356 991 581 1028 adduxerat.

177 1056 240 1094 Ob
276 1056 345 1092 has
381 1067 516 1092 causas
551 1067 647 1104 quas
680 1067 794 1104 supra
828 1052 1133 1091 commemoravi
1169 1052 1448 1090 sollicitabatur
1467 1055 1517 1094 73

123 1121 267 1160 Caesar
287 1119 510 1169 tardiorque
538 1127 575 1157 et
603 1118 884 1157 consideratior
904 1126 983 1156 erat
1004 1119 1128 1155 factus
1153 1125 1190 1155 et
1215 1131 1261 1155 ex
1288 1116 1448 1167 pristina

123 1184 294 1223 bellandi
344 1184 631 1222 consuetudine
679 1183 954 1232 celeritateque
1002 1189 1227 1220 excesserat.
1307 1183 1448 1230 Neque
1470 1194 1484 1214 2

123 1249 289 1287 mirum:
325 1248 458 1298 copias
492 1248 595 1286 enim
629 1248 799 1286 habebat
832 1247 869 1285 in
905 1247 1030 1285 Gallia
1067 1247 1209 1285 bellare
1241 1253 1447 1284 consuetas

122 1313 216 1351 locis
246 1312 529 1363 campestribus
557 1320 594 1351 et
622 1320 756 1350 contra
778 1313 923 1357 Gallos,
947 1310 1127 1349 homines
1154 1318 1308 1360 apertos
1340 1310 1449 1347 mini-

123 1391 263 1427 meque
284 1377 504 1424 insidiosos,
528 1377 594 1426 qui
615 1390 682 1427 per
702 1376 893 1423 virtutem,
917 1389 996 1413 non
1018 1389 1085 1425 per
1106 1376 1241 1413 dolum
1263 1374 1448 1413 dimicare

121 1450 384 1489 consuerunt:
428 1450 509 1480 tum
551 1449 683 1480 autem
724 1449 803 1479 erat
838 1441 872 1479 ei
907 1441 1166 1478 laborandum
1206 1447 1247 1477 ut
1287 1453 1447 1477 consue-

121 1509 263 1546 faceret
294 1507 434 1546 milites
465 1507 637 1546 hostium
668 1507 792 1553 dolos,
822 1505 991 1553 insidias,
1019 1504 1180 1543 artificia
1210 1518 1447 1555 cognoscere

121 1580 158 1610 et
188 1572 284 1622 quid
314 1572 434 1621 sequi,
468 1572 563 1622 quid
602 1571 722 1609 vitare
757 1570 993 1609 conveniret.
1057 1572 1207 1619 Itaque,
1240 1582 1319 1618 quo
1350 1570 1446 1607 haec
1467 1577 1484 1606 3

120 1637 282 1675 celerius
303 1637 565 1687 conciperent,
589 1636 707 1674 dabat
732 1649 891 1686 operam
919 1644 960 1674 ut
988 1635 1160 1684 legiones
1188 1648 1268 1673 non
1299 1634 1338 1672 in
1367 1647 1446 1672 uno

120 1703 208 1740 loco
229 1702 447 1740 contineret
469 1703 538 1740 sed
563 1714 631 1752 per
652 1714 810 1739 causam
833 1700 1097 1739 frumentandi
1118 1701 1195 1737 huc
1216 1707 1333 1749 atque
1354 1699 1445 1736 illuc

121 1775 300 1816 rapsaret,
325 1767 415 1805 ideo
446 1769 553 1816 quod
584 1766 756 1804 hostium
787 1765 919 1816 copias
949 1766 999 1803 ab
1029 1778 1069 1803 se
1100 1778 1251 1814 suoque
1283 1764 1444 1813 vestigio

121 1845 201 1869 non
240 1831 476 1870 discessuras
516 1830 770 1870 existimabat.
846 1832 976 1880 Atque
1016 1837 1104 1880 post
1143 1829 1248 1867 diem
1287 1828 1482 1875 tertium4

120 1897 330 1946 productas
357 1896 574 1935 accuratius
605 1909 693 1934 suas
723 1895 855 1945 copias
886 1895 985 1933 sicut
1015 1894 1256 1940 instruxerat,
1287 1901 1445 1944 propter

121 1960 292 1999 hostium
323 1968 447 1999 castra
477 1968 780 2011 praetergressus
810 1973 938 2009 aequo
970 1961 1058 1997 loco
1090 1959 1226 1996 invitat
1255 1960 1306 1997 ad
1335 1958 1444 1996 dimi-

120 2027 302 2064 candum.
363 2028 577 2075 Postquam
612 2039 679 2064 eos
718 2026 926 2064 abhorrere
956 2024 1072 2071 videt,
1102 2023 1252 2062 reducit
1282 2024 1354 2061 sub
1384 2037 1444 2061 ve-

120 2103 275 2140 sperum
296 2090 468 2140 legiones
489 2090 527 2128 in
549 2098 682 2128 castra.

174 2154 308 2204 Legati
352 2155 505 2193 interim
546 2168 592 2193 ex
630 2154 778 2204 oppido
817 2156 936 2204 Vaga,
973 2154 1081 2203 quod
1122 2152 1330 2190 finitimum
1372 2152 1443 2190 fuit
1461 2161 1511 2200 74

119 2221 247 2265 Zetae,
297 2219 406 2258 cuius
455 2221 663 2259 Caesarem
711 2219 879 2269 potitum
937 2232 1021 2256 esse
1075 2217 1440 2259 demonstravimus,

167 2334 179 2353 1
208 2333 249 2353 ex
271 2323 366 2353 Italia
385 2323 590 2354 ciacconius:
616 2323 649 2353 in
668 2323 796 2354 Italiam
814 2321 850 2351 X
937 2332 956 2352 2
981 2332 1047 2361 quo
1063 2321 1154 2353 edd.:
1179 2322 1269 2360 quod
1290 2321 1334 2351 T:
1358 2331 1443 2359 quos

117 2369 186 2397 cett.
327 2378 346 2406 4
370 2371 595 2405 oneratusque
612 2369 634 2401 β
782 2377 798 2405 7
824 2370 922 2406 capta
940 2365 1006 2397 cod.
1023 2365 1148 2395 Noa-mc.
1168 2376 1174 2395 ε
1199 2369 1370 2403 captarum
1388 2363 1442 2394 D:

120 2414 294 2447 capturum
311 2411 334 2443 β
501 2411 521 2439 8
546 2409 628 2450 non]
648 2420 690 2439 ne
707 2408 823 2440 Novak
997 2419 1038 2447 24
1063 2412 1214 2447 rapsaret
1231 2408 1260 2438 L
1275 2419 1281 2437 τ
1306 2416 1443 2446 rapsare

119 2451 254 2482 DU'T:
282 2462 417 2491 repsare
439 2452 469 2481 V
