1705 2729
491 126 566 163 DE
597 125 777 163 BELLO
808 125 985 164 CIVILI
1018 126 1118 162 LIB.
1154 127 1194 162 II

174 235 499 286 appropinquare.
565 235 641 273 His
669 234 895 273 auctoribus
925 243 1070 273 temere
1100 236 1263 274 credens
1293 236 1500 275 consilium
1523 249 1536 268 2

175 308 390 338 commutat
419 307 457 338 et
486 299 635 350 proelio
664 313 745 338 rem
775 299 1020 338 committere
1049 299 1261 338 constituit.
1327 302 1499 339 Multum

173 366 224 404 ad
254 366 355 402 hanc
384 378 465 403 rem
495 365 741 414 probandam
772 364 930 403 adiuvat
959 364 1237 411 adulescentia,
1270 365 1500 415 magnitudo

173 428 303 475 animi,
349 428 555 479 superioris
604 428 789 478 temporis
837 436 1058 478 proventus,
1107 428 1250 467 fiducia
1297 429 1350 467 rei
1398 430 1499 468 bene

135 505 151 536 5
171 493 375 543 gerendae.
441 492 517 530 His
551 493 667 530 rebus
701 492 891 542 impulsus
926 492 1143 542 equitatum
1182 506 1340 531 omnem
1376 493 1500 543 prima
1521 506 1538 535 3

171 564 287 596 nocte
307 559 359 596 ad
378 564 504 596 castra
522 557 693 595 hostiurn
719 556 836 595 mittit
855 558 906 595 ad
927 558 1074 595 flumen
1092 558 1307 607 Bagradam
1320 572 1329 604 3
1356 557 1498 607 quibus

171 630 344 672 praeerat
371 623 547 669 Saburra,
571 623 621 660 de
648 636 727 672 quo
756 630 847 660 ante
877 629 956 660 erat
983 621 1185 669 auditum3
1219 623 1289 660 sed
1317 636 1381 660 rex
1407 636 1497 660 cum

170 687 354 726 omnibus
382 687 504 737 copiis
532 687 811 737 insequebatur
835 695 872 726 et
900 701 965 725 sex
991 687 1140 725 milium
1171 700 1356 736 passuum
1385 687 1498 726 inter-

170 753 271 789 vallo
309 752 358 790 ab
398 752 565 790 Saburra
602 752 844 790 consederat.
916 751 1079 801 Equites
1123 751 1230 789 missi
1272 759 1388 790 nocte
1427 751 1534 795 iter4

114 830 151 852 10
169 816 394 863 conficiunt,
442 816 701 867 imprudentis
748 824 867 866 atque
919 816 1157 867 inopinantis
1203 816 1325 855 hostis
1369 830 1497 867 aggre-

169 880 337 919 diuntur.
409 881 607 920 Numidae
650 882 755 920 enim
795 882 966 932 quadam
1007 882 1170 920 barbara
1208 881 1495 920 consuetudine

168 946 284 985 nullis
305 946 508 985 ordinibus
529 946 673 996 passim
695 948 964 985 consederant.
1017 948 1105 985 Hos
1126 960 1332 996 oppressos
1353 960 1494 985 somno
1516 959 1532 990 5

168 1018 205 1049 et
235 1011 430 1061 dispersos
459 1011 586 1050 adorti
616 1025 801 1062 magnum
831 1025 966 1050 eorum
997 1025 1203 1050 numerum
1234 1011 1470 1050 interficiunt
1486 1027 1495 1059 3

170 1076 280 1114 multi
301 1076 489 1126 perterriti
510 1076 744 1127 profugiunt.
803 1078 894 1125 Quo
915 1078 1017 1114 facto
1037 1077 1088 1115 ad
1109 1076 1322 1116 Curionem
1344 1077 1494 1127 equites

113 1153 149 1186 15
169 1148 411 1179 revertuntur
431 1141 683 1191 captivosque
703 1142 753 1180 ad
774 1154 863 1179 eum
885 1142 1086 1179 reducunt.

221 1204 342 1244 Curio
370 1218 459 1243 eum
487 1205 670 1244 omnibus
698 1204 821 1255 copiis
846 1213 982 1255 quarta
1006 1204 1134 1254 vigilia
1161 1205 1303 1243 exierat
1328 1205 1492 1244 cohorti·
1512 1214 1566 1252 39

166 1270 239 1308 bus
256 1282 281 1308 V
297 1269 430 1309 castris
451 1269 646 1320 praesidio
667 1269 819 1308 relictis.
872 1272 1100 1319 Progressus
1122 1269 1227 1307 milia
1247 1283 1434 1319 passuum
1451 1283 1490 1308 vl

166 1334 315 1385 equites
343 1335 538 1383 convenit,
562 1349 642 1374 rem
670 1343 817 1385 gestam
846 1334 1054 1385 cognovit3
1084 1349 1129 1373 ex
1157 1335 1318 1385 captivis
1344 1335 1493 1385 quaerit

165 1399 251 1449 quis
286 1400 419 1439 castris
454 1401 504 1439 ad
540 1401 757 1450 Bagradam
793 1399 957 1450 praesit:
997 1401 1237 1449 respondent
1270 1400 1488 1438 Saburram.

107 1479 145 1500 20
166 1464 335 1515 Reliqua
372 1465 503 1504 studio
543 1465 690 1504 itineris
730 1464 966 1504 conficiendi
1002 1478 1186 1514 quaerere
1221 1464 1491 1514 praetermittit
1514 1479 1528 1499 2

164 1530 418 1580 proximaque
457 1531 668 1581 respiciens
702 1530 822 1581 signa,
853 1530 1107 1576 ‘Videtisne,'
1142 1529 1278 1579 inquit,
1312 1530 1488 1576 ‘milites,

163 1595 405 1645 captivorum
449 1596 666 1634 orationem
715 1609 805 1634 cum
849 1594 1018 1645 perfugis
1066 1594 1306 1633 convenire?
1352 1595 1490 1632 abesse

162 1673 304 1710 regem,
336 1660 491 1710 exiguas
526 1674 611 1699 esse
645 1661 778 1710 copias
814 1659 961 1706 missas,
991 1672 1092 1709 quae
1123 1658 1257 1709 paucis
1292 1658 1489 1708 equitibus

162 1738 273 1774 pares
294 1738 378 1763 esse
403 1739 483 1763 non
505 1724 731 1774 potuerint?
771 1724 941 1763 Proinde
964 1725 1015 1762 ad
1036 1725 1232 1774 praedam,
1255 1725 1306 1762 ad
1326 1723 1487 1773 gloriam
1511 1737 1528 1767 3

104 1803 142 1834 25
162 1797 375 1839 properate,
400 1797 441 1827 ut
465 1789 542 1828 iam
563 1791 613 1828 de
640 1789 821 1840 praemiis
848 1788 983 1827 vestris
1011 1796 1049 1827 et
1070 1784 1119 1827 de
1146 1789 1348 1827 referenda
1368 1788 1489 1838 gratia

160 1854 330 1903 cogitare
358 1854 616 1904 incipiamus.'
674 1857 795 1893 Erant
822 1868 890 1904 per
919 1868 960 1893 se
995 1867 1136 1904 magna
1163 1867 1263 1903 quae
1290 1861 1488 1903 gesserant
1510 1870 1527 1899 4

159 1918 319 1967 equites,
344 1919 569 1969 praesertim
594 1933 684 1957 cum
712 1932 847 1959 eorum
875 1919 1034 1968 exiguus
1061 1932 1245 1957 numerus
1269 1932 1358 1956 cum
1382 1926 1489 1957 tanta

159 1983 410 2022 multitudine
432 1983 694 2022 Numidarum
719 1985 967 2022 conferretur.
1030 1986 1144 2024 Haec
1166 1991 1297 2022 tamen
1323 1984 1373 2022 ab
1396 1983 1487 2033 ipsis

157 2046 326 2086 inflatius
365 2049 786 2096 commemorabantur,
817 2057 858 2087 ut
888 2050 938 2088 de
973 2049 1051 2087 suis
1086 2048 1267 2088 homines
1305 2048 1486 2087 laudibus

100 2123 139 2154 30
157 2111 322 2151 libenter
341 2113 578 2162 praedicant.
640 2115 768 2152 Multa
789 2120 987 2163 praeterea
1008 2113 1132 2163 spolia
1155 2113 1482 2163 praeferebantur,
1507 2128 1522 2159 5

156 2177 259 2227 capti
293 2177 473 2217 homines
508 2178 678 2228 equique
708 2179 1037 2228 producebantur,
1070 2185 1111 2216 ut
1142 2178 1336 2229 quidquid
1374 2177 1487 2216 inter-

199 2291 218 2318 4
243 2281 345 2311 animi
362 2281 548 2321 superioris
567 2292 602 2311 r:
635 2282 820 2321 superioris
836 2281 938 2312 animi
955 2281 994 2311 X
1125 2291 1159 2311 11
1187 2281 1294 2322 enim]
1315 2287 1426 2313 autem
1451 2282 1486 2312 T'

160 2333 195 2362 17
221 2325 393 2365 passuum]
413 2335 529 2364 passus
553 2323 588 2354 T‘
699 2335 754 2355 -vr-
772 2327 813 2359 B:
841 2335 882 2354 ·v·
898 2324 945 2354 D‘
1063 2335 1104 2364 29
1129 2329 1165 2355 ut
1181 2326 1223 2355 de
1241 2326 1311 2357 suis
1328 2327 1482 2356 homines

156 2366 308 2397 laudibus
325 2370 346 2401 Β
362 2379 367 2397 ;
394 2369 483 2398 unde
500 2378 577 2399 suas
594 2367 749 2399 homines
767 2369 884 2399 laudes
900 2368 946 2398 D‘
1045 2378 1085 2407 31
1112 2369 1257 2408 equique
1278 2369 1480 2400 Cz'accom‘us:

155 2411 352 2449 equitesque
369 2410 406 2440 X
