1705 2729
487 125 560 161 DE
592 124 772 162 BELLO
803 124 980 162 CIVILI
1012 124 1114 160 LIB.
1150 125 1190 161 II

177 232 396 270 cohortium
428 246 528 282 quae
562 240 692 271 essent
726 232 779 270 ibi
813 232 852 271 in
884 232 1090 283 praesidio,
1124 239 1166 270 ut
1198 233 1424 272 Gallonium
1455 249 1501 273 ex

175 295 324 345 oppido
361 298 607 346 expellerent,
645 286 782 335 urbem
819 296 1067 346 insulamque
1099 297 1256 336 Caesari
1293 306 1497 336 servarent.

175 361 268 398 Hoc
299 359 395 399 inito
426 361 591 400 consilio
622 360 912 400 denuntiavisse
951 360 1146 408 Gallonio,
1179 368 1220 399 ut
1249 374 1318 399 sua
1348 370 1499 411 sponte,
1523 375 1540 404 3

172 424 268 461 dum
298 423 381 463 sine
410 425 583 474 periculo
613 424 756 471 liceret,
788 426 992 464 excederet
1026 424 1233 473 Gadibus,
1280 425 1311 464 si
1350 425 1390 464 id
1420 440 1499 464 non

134 503 150 533 5
172 487 334 535 fecisset,
373 488 445 527 sibi
477 488 684 527 consilium
719 496 911 538 capturos.
986 491 1078 527 Hoc
1112 489 1251 527 timore
1282 491 1497 528 adductum

172 551 397 590 Gallonium
426 552 604 591 Gadibus
625 552 825 591 excessise.
889 552 965 591 His
987 552 1151 602 cognitis
1178 554 1293 591 rebus
1313 555 1433 592 altera
1452 568 1498 593 ex
1519 567 1539 597 4

169 616 324 655 duabus
353 616 583 667 legionibus,
616 630 718 667 quae
742 619 949 655 vernacula
977 617 1256 667 appellabatur,
1289 631 1334 655 ex
1364 618 1496 656 eastris

169 681 354 719 Varronis
380 689 531 720 astante
560 689 598 720 et
625 681 869 732 inspectante
897 681 982 731 ipso
1012 681 1122 731 signa
1149 681 1302 720 sustulit
1332 696 1496 732 seseque

171 745 368 795 Hispalim
395 747 539 796 recepit
568 754 686 797 atque
711 746 750 784 in
778 748 861 785 foro
891 754 929 785 et
955 746 1170 796 porticibus
1198 746 1280 785 sine
1302 747 1494 785 maleficio

111 823 150 846 10
168 811 356 850 consedit.
417 812 538 860 Quod
559 813 705 850 factum
732 813 833 850 adeo
854 812 936 850 eius
957 820 1174 851 conventus
1197 811 1299 850 cives
1322 812 1493 850 Romani
1516 830 1532 859 5

167 876 520 925 comprobaverunt
541 884 582 914 ut
603 878 767 915 domum
793 878 843 915 ad
871 890 911 915 se
936 876 1101 927 quisque
1129 876 1299 926 hospitio
1327 876 1494 926 cupidis-

166 938 263 978 sime
283 940 480 990 reciperet.
540 941 696 990 Quibus
718 942 833 979 rebus
853 941 1075 991 perterritus
1092 943 1225 988 Varro,
1245 955 1335 979 cum
1356 941 1492 979 itinere
1513 950 1530 980 (J

165 1017 354 1043 converso
375 1018 459 1043 sese
481 1005 658 1044 Italicam
674 1013 880 1044 venturum
901 1006 1173 1055 praemisisset,
1189 1005 1328 1044 certior
1342 1006 1393 1044 ab
1413 1006 1491 1044 suis

166 1069 289 1107 factus
320 1076 377 1107 est
409 1071 628 1119 praeclusas
663 1083 747 1108 esse
781 1078 921 1119 portas.
981 1073 1085 1109 Tum
1119 1084 1210 1109 vero
1242 1069 1349 1108 omni
1379 1070 1529 1110 inter-7

108 1146 144 1178 15
165 1134 294 1171 clusus
315 1133 451 1172 itinere
470 1135 521 1173 ad
543 1136 751 1173 Caesarem
773 1134 890 1172 mittit
920 1142 1096 1184 paratum
1125 1149 1165 1173 se
1189 1148 1274 1172 esse
1295 1134 1489 1184 legionem

163 1196 225 1235 cui
256 1197 407 1237 iusserit
439 1199 598 1237 tradere.
678 1199 750 1237 Ille
787 1200 838 1237 ad
877 1212 967 1237 eum
1007 1201 1089 1238 Sex.
1129 1200 1337 1238 Caesarem
1373 1199 1489 1237 mittit

161 1268 278 1311 atque
303 1262 393 1301 huic
417 1263 515 1302 tradi
546 1263 663 1302 iubet.
734 1263 896 1302 Tradita
925 1264 1077 1313 legione
1105 1265 1228 1302 Varro
1259 1264 1487 1303 Cordubam
1509 1272 1526 1301 8

147 1327 212 1365 >ad
250 1328 458 1366 Caesarem
499 1328 628 1375 venit,
689 1328 816 1367 relatis
854 1330 905 1367 ad
944 1342 1033 1367 eum
1074 1328 1240 1379 publicis
1279 1341 1369 1366 cum
1410 1329 1488 1367 fide

161 1391 376 1430 rationibus
414 1394 523 1442 quod
561 1406 681 1442 penes
720 1406 811 1432 eum
850 1401 907 1431 est
946 1393 1136 1443 pecuniae
1175 1393 1290 1432 tradit
1324 1399 1362 1431 et
1392 1392 1487 1443 quid

103 1471 142 1493 20
161 1456 307 1506 ubique
336 1457 478 1496 habeat
508 1459 690 1496 frumenti
720 1471 765 1497 ae
795 1458 952 1496 navium
982 1458 1164 1497 ostendit.

214 1522 358 1560 Caesar
396 1522 581 1561 contione
620 1522 753 1561 habita
792 1523 1003 1562 Cordubae
1043 1522 1227 1561 omnibus
1270 1522 1484 1572 generatim
1504 1532 1547 1560 21

158 1585 297 1634 gratias
312 1585 412 1636 agit:
443 1586 592 1625 civibus
615 1586 817 1633 Romanis,
836 1588 945 1636 quod
961 1586 1150 1637 oppidum
1166 1587 1205 1624 in
1227 1600 1297 1625 sua
1317 1594 1485 1636 potesta-

159 1656 196 1688 te
220 1650 459 1689 studuissent
481 1652 635 1698 habere,
664 1651 865 1700 Hispanis,
892 1653 1000 1701 quod
1025 1651 1217 1701 praesidia
1233 1651 1481 1700 expulissent,

159 1714 374 1762 Gaditanis,
396 1717 504 1765 quod
525 1723 687 1754 conatus
715 1716 1024 1755 adversariorum
1051 1715 1295 1766 infregissent
1320 1729 1484 1766 seseque

99 1793 136 1826 25
158 1778 196 1816 in
229 1778 446 1818 libertatem
486 1780 799 1828 vindicavissent,
842 1780 1005 1820 tribunis
1046 1780 1213 1818 militum
1248 1780 1482 1819 centurioni-

158 1843 309 1894 busque
330 1844 396 1893 qui
421 1858 468 1883 eo
488 1845 655 1894 praesidi
678 1859 794 1884 causa
815 1852 1010 1892 venerant,
1034 1845 1142 1895 quod
1163 1857 1298 1883 eorum
1319 1844 1483 1883 consilia

156 1921 225 1946 sua
245 1908 384 1947 virtute
409 1910 753 1949 confirmavissent.
815 1910 1006 1949 Pecunias
1034 1923 1130 1960 quas
1160 1916 1268 1948 erant
1292 1909 1331 1947 in
1358 1909 1481 1958 publi·
1503 1930 1517 1951 2

155 1985 245 2010 cum
270 1973 434 2011 Varroni
459 1973 561 2012 cives
591 1975 762 2013 Romani
784 1974 944 2025 polliciti
972 1974 1131 2013 remittit
1146 1989 1155 2022 3
1185 1974 1290 2012 bona
1316 1973 1481 2012 restituit

155 2036 209 2074 eis
239 2050 337 2087 quos
369 2037 525 2076 liberius
556 2040 708 2077 locutos
739 2041 841 2077 hanc
870 2052 1037 2089 poenam
1070 2038 1202 2076 tulisse
1232 2045 1477 2087 cognoverat.

96 2117 135 2146 30
154 2101 327 2140 Tributis
348 2102 584 2152 quibusdam
605 2104 771 2153 publicis
792 2104 1027 2154 privatisque
1048 2102 1228 2153 praemiis
1250 2102 1418 2152 reliquos
1440 2101 1479 2140 in
1500 2120 1517 2150 3

153 2173 352 2214 posterum
374 2167 478 2206 bona
505 2181 573 2217 spe
599 2170 772 2217 complet
801 2167 1045 2217 biduumque
1073 2167 1283 2207 Cordubae
1307 2179 1479 2205 commo-

195 2277 216 2306 5
239 2269 300 2299 sibi
318 2269 349 2299 E
365 2280 439 2300 corr.
462 2271 526 2299 L·-·:
553 2271 594 2300 ibi
614 2269 652 2300 X
816 2281 837 2308 9
862 2270 1029 2310 Hispalim
1047 2270 1109 2300 cod.
1130 2270 1238 2300 Petam.
1258 2280 1265 2299 :
1295 2269 1425 2308 Hispali
1444 2267 1480 2298 X

158 2321 194 2349 13
221 2311 369 2342 Italicam
393 2314 622 2344 Rlaeellicauus:
660 2313 789 2344 Italiam
807 2313 844 2343 X
1020 2314 1249 2353 praemisisset
1273 2311 1474 2343 Cim-conius:

154 2355 361 2392 promisisset
378 2355 415 2385 Χ
543 2367 585 2394 3ο
611 2357 766 2397 publicis]
785 2357 919 2396 populis
937 2357 977 2386 L‘
