1705 2729
518 77 559 102 ι
598 77 602 81 .

388 151 415 176 ,
506 129 551 157 ‹—
580 115 814 167 INCERTI
848 128 1128 166 lxchoais

155 254 168 274 ε
190 238 230 276 in
265 239 448 289 operibus
483 239 654 277 hostium
687 238 967 288 expugnandis.
1030 239 1075 275 In
1108 237 1262 287 proeliis
1296 236 1514 283 cotidianis,

191 305 524 353 quandocumque
552 304 628 341 fors
656 304 859 349 obtulerat,
885 301 1201 352 procurrentibus
1222 309 1260 340 et
1284 300 1518 352 erumpenti-

191 368 263 405 bus
286 367 568 413 Alexandrinis,
592 372 613 407 †
628 381 788 405 manum
817 365 1098 417 comprehendi
1123 367 1288 404 multum
1310 366 1517 416 operibus†

190 440 227 469 et
256 432 483 470 ardentibus
514 431 651 470 studiis
683 431 875 479 militum3
906 445 978 469 nec
1009 430 1207 480 divulgata
1228 430 1404 470 Caesaris
1433 431 1519 469 hor-

190 496 284 535 tatio
309 496 495 546 subsequi
526 496 724 546 legionum
752 504 818 534 aut
846 497 1020 534 laborem
1049 502 1114 533 aut
1142 494 1343 545 pugnandi
1368 502 1522 545 poterat
1539 513 1556 544 5

190 561 456 611 cupiditatem,
473 568 514 599 ut
536 560 657 611 magis
680 560 901 599 deterrendi
924 568 961 598 et
984 558 1215 598 continendi
1236 573 1259 597 a
1278 559 1520 609 periculosis-

191 625 297 663 simis
318 634 448 664 essent
468 625 788 665 dimicationibus
811 639 930 675 quam
953 622 1143 662 incitandi
1164 624 1214 662 ad
1235 625 1503 673 pugnandum.

119 698 169 735 23
244 690 497 729 Alexandrini
525 704 615 729 cum
646 692 849 729 Romanos
877 697 915 728 et
943 688 1127 728 secundis
1156 689 1271 726 rebus
1299 688 1519 727 confirmari

189 762 227 792 et
247 754 418 794 adversis
439 754 588 793 incitari
606 754 782 793 viderent
799 768 927 805 neque
949 756 1071 793 ullum
1094 753 1184 791 belli
1207 752 1363 791 tertium
1384 767 1518 792 casum

190 827 349 857 nossent
377 833 456 869 quo
484 827 643 869 possent
671 833 755 858 esse
782 819 980 866 firmiores,
1005 826 1046 857 ut
1075 818 1300 857 coniectura
1329 813 1518 868 consequi
1542 836 1580 858 ιο

189 897 408 933 possumus,
432 891 497 921 aut
518 883 708 922 admoniti
731 898 753 922 a
772 884 870 934 regis
897 884 1033 922 amicis
1061 883 1127 933 qui
1150 884 1188 921 in
1212 883 1390 923 Caesaris
1411 891 1519 922 erant

190 948 401 998 praesidiis,
425 956 491 987 aut
519 962 590 988 suo
611 949 736 999 priore
761 949 927 988 consilio
954 963 1022 999 per
1050 951 1225 988 occultos
1255 948 1414 987 nuntios
1440 947 1519 998 regi

191 1014 355 1063 probato
376 1015 523 1063 legatos
543 1015 593 1052 ad
616 1015 823 1053 Caesarem
856 1013 1054 1061 miserunt,
1079 1022 1120 1052 ut
1148 1014 1360 1052 dimitteret
1389 1026 1517 1063 regem

152 1091 167 1112 2
191 1078 430 1129 transireque
450 1080 500 1118 ad
522 1092 611 1117 suos
633 1086 849 1129 pateretur:
881 1086 1055 1129 paratam
1080 1079 1184 1117 enim
1207 1092 1367 1117 omnem
1393 1078 1519 1116 multi-

190 1143 368 1181 tudinem
404 1156 498 1190 esse,
533 1144 752 1181 confectam
789 1142 919 1181 taedio
953 1145 1115 1192 puellae,
1150 1143 1353 1182 fiduciario
1386 1157 1515 1194 regno,
1541 1160 1578 1192 15

190 1207 462 1246 dominatione
492 1207 759 1247 crudelissima
791 1207 1042 1257 Ganymedis,
1076 1209 1201 1246 facere
1236 1209 1276 1247 id
1312 1210 1420 1258 quod
1455 1222 1519 1246 rex

190 1272 441 1322 imperasset3
471 1287 550 1323 quo
572 1272 601 1310 si
627 1280 784 1311 auctore
812 1273 851 1310 in
874 1272 1050 1312 Caesaris
1079 1274 1198 1311 fidem
1226 1273 1519 1323 amicitiamque

190 1338 341 1376 venturi
381 1346 520 1384 essent,
558 1337 700 1375 nullius
740 1337 899 1387 periculi
941 1337 1120 1376 timorem
1162 1337 1403 1377 multitudini
1437 1339 1519 1377 fore

190 1402 476 1453 impedimento
497 1416 576 1452 quo
604 1402 733 1440 minus
760 1416 800 1441 se
828 1403 1028 1441 dederent.

117 1473 168 1511 24
244 1469 387 1507 Caesar
414 1467 485 1506 etsi
513 1469 689 1505 fallacem
716 1475 873 1517 gentem
905 1482 1136 1518 semperque
1164 1469 1238 1508 alia
1265 1469 1514 1520 cogitantem,
1539 1486 1580 1507 20

189 1532 264 1571 alia
290 1533 539 1571 simulantem
567 1533 668 1571 bene
698 1532 894 1582 cognitam
925 1534 1106 1580 habebat,
1132 1542 1262 1573 tamen
1293 1535 1518 1586 petentibus

189 1599 280 1636 dare
301 1597 456 1636 veniam
483 1597 577 1636 utile
601 1611 685 1636 esse
713 1597 855 1645 statuit,
880 1600 998 1648 quod,
1023 1599 1053 1637 si
1081 1614 1161 1650 quo
1188 1608 1304 1650 pacto
1332 1601 1519 1640 sentirent

188 1676 234 1701 ea
265 1676 365 1713 quae
399 1664 650 1713 postularent,
686 1676 913 1701 mansurum
948 1664 988 1701 in
1024 1665 1102 1704 fide
1142 1665 1348 1704 dimissum
1388 1680 1518 1716 regem

187 1729 382 1774 credebat,
407 1727 476 1774 sin,
501 1727 540 1766 id
568 1729 675 1778 quod
711 1727 832 1778 magis
866 1729 1019 1767 illorum
1056 1737 1216 1769 naturae
1244 1731 1515 1777 conveniebat,

186 1794 329 1832 ducem
350 1794 399 1831 ad
421 1794 568 1831 bellum
595 1794 810 1842 gerendum
841 1809 969 1845 regern
1001 1797 1145 1835 habere
1173 1798 1326 1843 vellent,
1351 1795 1519 1846 splendi-
1540 1813 1577 1846 ²5

186 1858 274 1897 dius
295 1865 412 1908 atque
433 1857 636 1896 honestius
657 1871 698 1896 se
720 1867 856 1898 contra
878 1875 1007 1911 regem
1029 1875 1147 1911 quam
1169 1870 1304 1900 contra
1328 1876 1519 1901 convena-

151 1941 165 1962 2
186 1937 271 1962 rum
291 1937 336 1961 ac
357 1922 607 1972 fugitivorum
632 1938 792 1962 manum
822 1927 971 1964 bellum
995 1940 1080 1964 esse
1107 1934 1317 1976 gesturum.
1379 1928 1518 1976 Itaque

185 2002 314 2038 regem
353 1989 579 2026 cohortatus
620 1997 662 2027 ut
703 1993 924 2029 consuleret
971 2005 1090 2041 regno
1129 2000 1302 2042 paterno,
1344 1998 1518 2042 parceret

185 2052 513 2103 praeclarissimae
551 2054 707 2104 patriae,
742 2069 842 2105 quae
882 2056 1060 2106 turpibus
1100 2053 1292 2095 incendiis
1326 2064 1364 2094 et
1397 2055 1518 2094 ruinis

229 2167 248 2195 3
272 2157 409 2188 lacunas
440 2160 596 2199 suspicati
623 2164 704 2190 sunt
730 2159 929 2200 Stephanus,
964 2159 1114 2199 Scaldgrmy
1151 2159 1231 2190 alii:
1272 2170 1406 2190 manum
1439 2170 1517 2190 con-

184 2201 321 2231 serendi
346 2207 512 2241 potestate
540 2204 624 2234 sacta
652 2203 791 2234 multum
824 2203 1021 2242 proficiebat
1047 2204 1174 2234 Caesar
1196 2202 1368 2233 voluntate
1391 2203 1517 2241 optima

183 2242 303 2273 Dt'lller
438 2257 476 2277 10
500 2258 566 2286 quo
595 2247 677 2277 LU:
714 2248 770 2286 qui
794 2247 864 2277 FT‘
1000 2257 1037 2277 12
1063 2249 1133 2286 regi
1163 2246 1322 2276 Ursinus:
1357 2247 1448 2285 regis
1470 2245 1514 2285 X,

183 2286 291 2328 cdpr.
389 2300 426 2328 13
452 2291 591 2329 probato
608 2290 653 2320 ed.
668 2296 715 2330 pr.
734 2303 739 2320 2
765 2291 925 2330 probatos
943 2289 979 2319 X
1068 2300 1104 2327 14
1129 2300 1261 2320 ornnem
1277 2300 1331 2319 om
1362 2289 1392 2319 T
1479 2299 1517 2328 15

185 2341 292 2371 regno
325 2345 389 2364 0111.
433 2334 461 2363 T
590 2344 630 2364 22
655 2339 753 2372 pacto
779 2334 944 2364 sentirent
974 2333 1165 2363 Manutius:
1200 2333 1288 2363 sacto
1316 2333 1456 2363 sentiret
1484 2330 1522 2362 X

185 2376 226 2405 28
246 2380 321 2416 post
339 2381 492 2416 parceret
511 2376 583 2407 add.
601 2381 634 2406 et
655 2377 738 2408 U‘T‘
