1705 2729
412 132 485 169 DE
517 130 697 168 BELLO
728 130 905 168 CIVILI
938 130 1039 167 LIB.
1075 130 1092 166 I

93 243 301 282 constituit.
362 242 515 288 Caesar,
549 240 616 279 ubi
650 239 832 289 cognovit
860 247 936 289 per
966 240 1169 277 Afranium
1204 248 1303 278 stare
1337 252 1415 289 quo
1437 251 1453 280 3

93 308 220 346 minus
261 306 409 357 proelio
453 306 711 351 dimicaretur,
752 306 802 343 ab
847 304 989 342 infimis
1032 304 1227 342 radicibus
1272 305 1415 342 montis

91 371 318 410 intermissis
347 370 497 409 circiter
522 370 701 420 passibus
725 380 825 407 cccc
846 376 971 407 035113
991 370 1116 407 facere
1137 368 1337 406 constituit
1364 376 1412 414 et,

91 449 140 473 ne
178 435 216 472 in
248 448 366 484 opere
404 434 585 472 faciendo
624 433 765 471 milites
804 433 1009 482 repentino
1048 433 1219 470 hostium
1258 432 1452 479 incursu4

54 516 70 547 5
91 506 368 538 exterrerentur
387 506 505 548 atque
524 511 643 547 opere
662 497 971 547 prohiberentur,
994 498 1095 535 vallo
1120 497 1261 534 muniri
1281 497 1412 544 vetuit,

90 565 197 613 quod
228 563 398 602 eminere
430 570 467 601 et
501 564 636 612 procul
667 562 788 600 videri
822 575 983 600 11606556
1014 569 1103 608 6131,
1137 563 1206 599 sed
1237 575 1259 599 a
1290 563 1415 600 fronte

89 636 224 666 contra
261 628 415 666 hostem
453 628 600 677 pedum
640 638 696 664 xv
727 628 871 664 fossam
911 626 993 664 fieri
1030 625 1150 663 iussit.
1210 625 1339 663 Prima
1377 634 1414 664 et
1436 642 1451 671 5

89 693 261 730 secunda
281 691 383 729 acies
403 691 443 728 in
463 691 588 737 armis,
612 698 654 728 ut
673 691 723 728 ab
744 690 854 728 initio
875 690 1087 728 constituta
1108 698 1198 737 erat,
1217 704 1415 739 permane-

89 756 177 804 bat3
206 763 294 806 post
315 757 386 794 hos
407 768 505 805 opus
514 755 565 795 „in
582 756 737 793 occulto
757 768 780 793 a
800 754 911 793 tertia
931 754 1013 792 acie
1030 755 1158 792 fiebat.
1219 754 1280 792 Sic
1297 768 1414 792 0111116
1446 743 1450 747 ⁴

33 836 71 859 10
89 832 187 868 opus
225 819 329 869 prius
361 827 418 858 est
449 821 664 869 perfectum
699 832 818 869 quam
850 819 1137 868 intellegeretur
1168 818 1218 855 ab
1251 819 1413 856 Afranio

88 891 211 922 castra
248 883 400 922 muniri.
461 884 542 922 Sub
576 897 781 934 vesperum
816 884 960 923 Caesar
998 883 1098 921 intra
1131 884 1234 921 hanc
1268 884 1411 921 fossam
1433 888 1452 918 6

85 948 257 998 legiones
289 948 439 988 reducit
468 956 587 998 atque
618 948 672 986 ibi
704 949 777 987 sub
811 948 928 986 armis
960 948 1136 998 proxima
1176 955 1291 985 nocte
1323 961 1412 985 0011-

87 1013 259 1064 quiescit.

140 1080 302 1117 Postero
331 1079 395 1118 die
422 1092 581 1118 omnem
612 1078 822 1117 exercitum
853 1077 953 1116 intra
981 1079 1126 1116 fossam
1157 1078 1331 1116 continet
1361 1086 1410 1125 et,
1430 1085 1483 1122 42

28 1158 66 1191 15
87 1144 194 1192 quod
231 1142 384 1193 longius
419 1150 498 1181 erat
529 1156 644 1193 agger
681 1143 887 1192 petendus,
922 1142 960 1180 in
995 1143 1214 1192 praesentia
1245 1143 1410 1181 similem

85 1208 274 1246 rationem
296 1208 423 1258 operis
444 1208 610 1247 instituit
631 1208 861 1258 singulaque
882 1210 1001 1246 latera
1016 1216 1230 1246 castrorum
1252 1208 1411 1257 singulis

83 1273 256 1311 attribuit
276 1273 496 1322 legionibus
517 1273 733 1312 munienda
748 1275 951 1323 fossasque
967 1275 1018 1312 ad
1039 1275 1206 1312 eandem
1224 1273 1412 1323 magnitu-

84 1336 216 1375 dinem
248 1337 381 1387 perfici
412 1337 546 1385 iubet3
585 1337 752 1387 reliquas
787 1338 959 1388 legiones
991 1337 1030 1375 in
1063 1337 1178 1375 armis
1211 1337 1410 1387 expeditas

83 1408 219 1440 contra
256 1403 408 1440 hostem
449 1402 660 1440 constituit.
726 1402 909 1440 Afranius
949 1402 1203 1452 Petreiusque
1241 1402 1408 1440 terrendi
1432 1414 1446 1434 2

28 1481 66 1503 20
84 1478 200 1504 causa
219 1473 336 1516 atque
353 1466 479 1516 operis
502 1465 745 1516 impediendi
761 1466 893 1516 copias
915 1480 1003 1505 suas
1020 1468 1070 1505 ad
1091 1466 1244 1504 infimas
1266 1466 1409 1504 montis

84 1529 232 1569 radices
252 1531 475 1580 producunt
497 1538 534 1569 et
555 1531 705 1580 proelio
727 1533 933 1578 lacessunt,
952 1544 1081 1580 neque
1103 1530 1249 1569 idcirco
1267 1532 1411 1570 Caesar

83 1607 182 1644 opus
209 1594 427 1634 intermittit
449 1597 620 1634 confisus
647 1595 841 1645 praesidio
862 1596 1061 1645 legionum
1083 1595 1199 1633 trium
1220 1602 1257 1633 et
1287 1596 1410 1633 muni-

82 1657 189 1697 tione
209 1660 346 1698 fossae.
408 1659 469 1698 Illi
491 1673 571 1698 non
592 1660 660 1698 diu
681 1660 913 1698 commorati
934 1673 1006 1698 nec
1027 1660 1180 1709 longius
1200 1660 1251 1697 ab
1271 1659 1408 1697 infimo
1429 1672 1446 1701 3

83 1724 182 1762 colle
203 1724 394 1774 progressi
415 1725 547 1774 copias
569 1724 609 1762 in
631 1732 755 1763 castra
775 1726 977 1763 reducunt.
1029 1724 1162 1763 Tertio
1184 1724 1248 1763 die
1265 1726 1408 1764 Caesar
1426 1738 1445 1766 4

26 1801 64 1833 25
82 1789 184 1826 vallo
208 1796 332 1827 castra
355 1790 585 1837 communit,
612 1789 779 1839 reliquas
805 1789 987 1836 cohortis,
1010 1803 1106 1839 quas
1136 1789 1176 1827 in
1206 1790 1407 1839 superiori-

82 1852 155 1891 bus
175 1853 309 1892 castris
330 1854 547 1904 reliquerat,
571 1854 933 1904 impedimentaque
953 1856 1003 1893 ad
1026 1868 1066 1893 se
1086 1854 1237 1893 traduci
1258 1855 1375 1893 iubet.

136 1919 227 1956 Erat
262 1917 360 1956 inter
391 1918 582 1968 oppidum
618 1920 787 1957 Ilerdam
823 1926 861 1956 et
895 1918 1116 1968 proximum
1151 1920 1304 1966 collem,
1338 1920 1405 1957 ubi
1423 1923 1475 1959 43

81 1989 204 2020 castra
238 1982 411 2020 Petreius
442 1991 560 2032 atque
589 1983 773 2020 Afranius
804 1983 1013 2029 habebant,
1046 1983 1227 2032 planities
1256 1983 1406 2021 circiter

81 2059 265 2095 passuum
289 2058 374 2093 ccc,
402 2054 519 2097 atque
543 2046 583 2084 in
607 2047 684 2085 hoc
713 2048 791 2085 fere
817 2048 948 2086 medio
979 2047 1104 2096 spatio
1129 2049 1301 2086 tumulus
1326 2057 1405 2086 erat

127 2159 139 2179 1
161 2160 221 2189 per
237 2150 310 2182 add.
338 2162 354 2179 r
536 2162 554 2191 3
580 2156 611 2181 et
631 2174 638 2182 .
657 2177 662 2183 .
682 2177 687 2183 .
712 2162 750 2191 19
768 2153 940 2183 constituit
966 2163 1029 2183 om.
1056 2152 1088 2183 E
1214 2195 1219 2200 .
1255 2164 1274 2192 5
1298 2154 1403 2183 vetuit

81 2224 141 2255 L':
167 2228 283 2257 metuit
300 2227 378 2257 DT'
496 2238 517 2266 9
541 2229 603 2258 hos
621 2240 656 2258 r:
683 2229 746 2259 hoc
764 2228 801 2258 X
978 2240 1077 2259 omne
1095 2239 1179 2268 opus
1198 2205 1259 2268 plus
1273 2229 1401 2268 perfec-

82 2272 149 2298 tum
171 2268 215 2299 V:
250 2281 348 2300 omne
373 2270 466 2309 prius
490 2276 541 2301 est
566 2271 751 2310 perfectum
778 2271 871 2301 L'T:
904 2282 1001 2302 0111116
1028 2273 1119 2311 prius
1144 2277 1194 2302 est
1219 2273 1400 2311 perfectum

81 2322 166 2350 opus
194 2312 227 2342 D
358 2314 399 2343 26
424 2314 464 2343 ad
491 2323 528 2343 se
555 2325 618 2344 om.
646 2314 690 2343 D'
824 2324 862 2353 27
889 2315 976 2345 inter
1005 2315 1165 2354 oppidum
1194 2315 1338 2345 Ilerdam
1368 2322 1400 2346 et

81 2356 269 2427 prfixireriyum
294 2355 411 2387 collem
434 2355 595 2396 Sulpz'lizts
615 2356 817 2387 Verulmms:
844 2368 876 2387 m
902 2359 1026 2398 oppido
1052 2359 1162 2389 Ilerda
1188 2363 1221 2388 et
1246 2359 1400 2397 proximo

81 2406 119 2427 οο
147 2407 164 2427 6
