1705 2729
518 113 592 149 DE
623 112 802 149 BELLO
833 111 1010 149 CIVILI
1043 111 1143 147 LIB.
1178 112 1195 148 I

250 225 392 262 Caesar
420 236 466 260 ex
496 236 543 260 eo
572 230 756 270 tempore,
787 222 881 259 dum
909 222 958 258 ad
987 222 1131 258 flumen
1154 222 1300 257 Varum
1328 219 1512 265 veniatur,
1536 220 1586 266 87

195 301 235 325 se
265 288 502 324 frumentum
532 287 712 324 daturum
752 285 965 335 pollicetur.
1025 284 1150 323 Addit
1179 284 1295 322 etiam
1326 292 1377 330 ut,
1409 285 1516 333 quod

195 349 359 400 quisque
393 363 527 388 eorum
562 349 601 387 in
634 350 738 387 bello
767 348 947 394 amiserit,
982 362 1081 398 quae
1114 348 1189 386 sint
1223 361 1343 397 penes
1377 347 1517 385 milites

194 427 285 453 suos
317 413 371 452 eis
403 413 469 463 qui
503 413 701 451 amiserint
739 413 959 451 restituatur
978 428 987 460 3
1035 413 1222 451 militibus
1259 426 1385 462 aequa
1418 413 1519 450 faeta

156 489 174 520 5
193 478 462 517 aestimatione
491 477 698 528 pecuniam
725 491 795 527 pro
824 477 884 516 his
913 478 1028 516 rebus
1055 476 1241 516 dissolvit.
1302 478 1518 525 Quascum-
1539 489 1552 508 2

194 556 270 592 que
303 550 439 592 postea
472 541 752 580 controversias
790 541 890 580 inter
927 555 968 580 se
1007 540 1148 579 milites
1182 541 1412 586 habuerunt,
1449 553 1518 578 sua

194 614 333 656 sponte
379 607 429 645 ad
473 607 680 645 Caesarem
728 605 767 643 in
814 605 873 643 ius
920 604 1109 643 adierunt.
1180 603 1354 643 Petreius
1401 612 1518 654 atque
1538 613 1556 643 3

194 670 374 709 Afranius
413 684 503 708 cum
541 669 780 720 stipendium
818 670 868 707 ab
907 669 1126 719 legionibus
1164 682 1288 719 paene
1326 668 1518 706 seditione

193 736 295 772 facta
332 733 603 784 flagitarentur,
640 733 750 772 cuius
784 733 838 771 illi
876 733 982 771 diem
1017 733 1195 771 nondum
1228 732 1380 771 venisse
1417 731 1518 770 dice-

139 811 176 832 10
193 807 287 845 rent,
315 800 458 838 Caesar
486 805 529 836 ut
557 805 810 848 cognosceret
837 799 1078 849 postulatum
1108 805 1175 843 est,
1208 810 1335 847 eoque
1364 796 1517 846 utrique

193 863 300 912 quod
322 862 453 900 statuit
472 862 647 900 contenti
668 864 832 900 fuerunt.
894 864 1006 900 Parte
1026 861 1176 900 circiter
1196 861 1307 899 tertia
1328 860 1517 900 exercitus
1536 872 1555 901 4

193 941 241 964 eo
274 926 396 965 biduo
430 926 590 964 dimissa
623 927 720 964 duas
751 926 924 976 legiones
954 939 1042 964 suas
1076 926 1318 971 antecedere,
1351 924 1517 974 reliquas

193 990 379 1040 subsequi
400 990 518 1036 iussit,
542 998 584 1028 ut
604 1004 684 1028 non
704 992 823 1040 longo
851 990 949 1029 inter
976 1004 1017 1029 se
1043 990 1169 1040 spatio
1189 997 1313 1028 castra
1333 991 1514 1034 facerent,

194 1054 308 1104 eique
334 1054 492 1104 negotio
514 1055 561 1102 Q.
586 1055 741 1092 Fufium
763 1056 955 1094 Calenum
983 1055 1153 1103 legatum
1178 1051 1362 1103 praeficit.
1424 1054 1517 1090 Hoc
1537 1066 1554 1096 5

138 1130 174 1161 15
194 1117 276 1156 eius
303 1117 540 1168 praescripto
569 1131 615 1156 ex
643 1117 837 1167 Hispania
863 1118 914 1156 ad
934 1119 1082 1155 Varum
1109 1118 1256 1155 flumen
1286 1124 1345 1155 est
1370 1115 1441 1154 iter
1468 1117 1517 1154 fa-

194 1189 300 1220 ctum
320 1189 437 1231 atque
458 1181 511 1220 ibi
532 1181 679 1231 reliqua
698 1195 785 1232 pars
806 1181 995 1220 exercitus
1022 1180 1183 1220 dimissa
1203 1188 1270 1219 est.

237 1296 256 1316 2
279 1285 368 1324 quod
393 1284 589 1325 Nipperdey:
620 1284 701 1323 quid
725 1283 762 1314 X
935 1295 954 1323 4
979 1284 1153 1314 amiserint
1175 1284 1217 1315 V:
1251 1284 1432 1313 amiserant
1450 1286 1512 1313 cett.

195 1328 390 1359 restituatur
406 1327 517 1358 Aldus
531 1338 536 1357 :
563 1328 719 1358 restituat
735 1326 773 1356 X
860 1337 875 1366 7
902 1328 935 1357 in
951 1327 1003 1357 ius
1022 1326 1214 1358 Gm'lz'elmus
1228 1337 1233 1356 :
1260 1327 1349 1357 intus
1364 1324 1403 1355 X
1495 1336 1516 1364 9

196 1371 429 1411 flagitaremus
443 1370 556 1402 Aldus
569 1381 575 1401 :
601 1371 808 1410 flagitaretur
824 1368 862 1399 Χ
995 1379 1034 1400 10
1057 1374 1110 1400 est
1125 1380 1192 1400 om.
1207 1368 1252 1399 D'

239 2428 330 2451 CAES.
351 2430 415 2452 B.C.

1413 2427 1430 2457 ῆι
