1705 2729
444 498 758 550 INCERTI
809 497 1196 548 AVCTORIS

255 637 369 690 DE
434 636 702 689 BELLO
757 635 1382 688 ALEXANDRINO

735 800 904 837 LIBER

213 939 353 975 BELLO
391 937 657 976 Alexandrino
702 939 872 976 conflato
911 938 1055 976 Caesar
1095 938 1241 976 Rhodo
1279 944 1396 987 atque
1436 949 1516 975 ex1

158 1001 265 1050 Syria
286 1000 501 1050 Ciliciaque
523 1015 681 1040 omnem
703 1003 865 1039 classem
893 1001 1051 1039 arcessit
1069 1016 1077 1049 3
1109 1003 1224 1040 Creta
1252 1001 1476 1051 sagittarios,

157 1065 307 1114 equites
346 1066 396 1103 ab
434 1079 521 1114 rege
554 1066 845 1104 Nabataeorum
883 1067 1044 1103 Malcho
1079 1073 1242 1112 evocat;
1286 1072 1479 1103 tormenta

158 1129 333 1179 undique
354 1129 529 1178 conquiri
553 1137 589 1167 et
618 1131 855 1167 frumentum
884 1129 994 1175 mitti,
1019 1129 1159 1167 auxilia
1186 1130 1329 1168 adduci
1358 1129 1476 1167 iubet.

121 1210 137 1240 5
160 1193 319 1232 Interim
343 1193 579 1231 munitiones
601 1193 744 1231 cotidie
772 1192 954 1243 operibus
982 1202 1171 1242 augentur
1197 1201 1314 1243 atque
1342 1207 1479 1232 omnes
1502 1206 1516 1227 2

158 1258 293 1308 oppidi
315 1265 450 1307 partes,
475 1271 575 1307 quae
597 1258 724 1296 minus
746 1271 829 1296 esse
852 1259 984 1296 firmae
1005 1258 1195 1303 videntur,
1216 1258 1478 1297 testudinibus

158 1336 202 1361 ac
223 1322 407 1360 musculis
430 1325 682 1372 †aptantur†;
712 1336 757 1360 ex
778 1322 965 1360 aedificiis
989 1329 1119 1360 autem
1143 1336 1209 1372 per
1229 1322 1419 1361 foramina
1440 1323 1478 1360 in

159 1387 333 1437 proxima
348 1386 527 1425 aedificia
541 1387 678 1425 arietes
700 1387 972 1433 immittuntur,
989 1395 1260 1437 quantumque
1277 1395 1342 1425 aut
1359 1387 1479 1425 ruinis

159 1452 322 1490 deicitur
351 1459 416 1490 aut
447 1465 513 1502 per
542 1451 619 1489 vim
650 1451 832 1501 recipitur
862 1451 947 1498 loci,
982 1452 1020 1489 in
1054 1460 1204 1490 tantum
1241 1452 1478 1491 munitiones

102 1533 140 1554 10
159 1518 413 1566 proferuntur.
474 1518 576 1554 Nam
604 1516 788 1555 incendio
814 1518 891 1554 fere
921 1524 1004 1554 tuta
1024 1524 1081 1555 est
1099 1518 1353 1563 Alexandrea,
1372 1518 1480 1566 quod
1503 1526 1519 1555 3

159 1581 241 1620 sine
269 1581 561 1631 contignatione
587 1594 632 1619 ac
657 1581 816 1619 materia
843 1589 931 1618 sunt
959 1581 1136 1619 aedificia
1157 1589 1194 1619 et
1216 1581 1414 1619 structuris
1434 1595 1479 1619 ac

158 1645 370 1684 fornicibus
397 1645 647 1683 continentur
673 1652 852 1694 tectaque
874 1652 963 1683 sunt
984 1647 1120 1684 rudere
1141 1653 1207 1683 aut
1234 1645 1477 1695 pavimentis

158 1712 301 1749 Caesar
331 1709 498 1748 maxime
528 1710 709 1748 studebat
740 1717 791 1755 ut,
824 1723 941 1759 quam
981 1709 1295 1759 angustissimam
1330 1718 1478 1759 partem
1499 1718 1519 1748 4

157 1775 292 1826 oppidi
323 1776 433 1825 palus
462 1788 484 1812 a
515 1774 674 1813 meridie
704 1774 904 1812 interiecta
933 1774 1135 1820 efficiebat,
1166 1775 1266 1812 hanc
1296 1774 1479 1824 operibus

103 1852 138 1885 15
158 1840 359 1890 vineisque
389 1840 549 1890 agendis
579 1841 628 1877 ab
659 1839 805 1889 reliqua
840 1846 946 1888 parte
981 1838 1086 1877 urbis
1121 1840 1352 1885 excluderet,
1385 1838 1481 1876 illud
1501 1844 1518 1874 5

159 1913 339 1954 spectans
369 1905 536 1955 primum
568 1913 619 1951 ut,
644 1919 733 1943 cum
762 1904 801 1942 in
829 1905 926 1942 duas
952 1903 1069 1953 partis
1096 1911 1197 1941 esset
1224 1903 1328 1941 urbis
1358 1903 1482 1941 divisa

157 1969 270 2016 acies,
295 1983 374 2008 uno
395 1970 560 2009 consilio
580 1977 697 2020 atque
718 1969 882 2020 imperio
910 1967 1251 2014 administraretur,
1276 1967 1420 2005 deinde
1441 1974 1482 2004 ut

159 2034 425 2072 laborantibus
453 2035 621 2073 succurri
650 2042 767 2084 atque
788 2048 832 2072 ex
854 2035 972 2072 altera
1000 2032 1134 2082 oppidi
1164 2039 1271 2081 parte
1297 2031 1481 2070 auxilium

158 2098 243 2136 ferri
274 2106 414 2148 posset,
445 2098 484 2136 in
516 2099 648 2148 primis
676 2112 766 2137 vero
796 2106 837 2136 ut
867 2111 969 2148 aqua
999 2098 1224 2147 pabuloque
1253 2097 1480 2141 abundaret,

204 2201 421 2232 INscmPTlo:
457 2202 581 2232 Incerti
614 2201 791 2242 Auctoris]
825 2202 950 2238 (Belli)
985 2201 1208 2232 Alexandrini
1241 2200 1416 2238 Africique
1451 2204 1484 2229 et

161 2242 401 2283 Hispaniensis
421 2246 570 2276 incertus
586 2250 702 2276 auctor
719 2250 768 2276 est
786 2245 965 2276 §acronius
981 2245 1055 2276 Dz‘v.
1076 2245 1138 2274 Iul.
1152 2245 1194 2283 56

203 2329 220 2358 7
246 2324 453 2359 temptantur
469 2320 646 2361 Nipperdqv
762 2322 799 2352 16
824 2326 981 2360 spectans
1003 2320 1224 2351 Vascosanus:
1250 2323 1434 2357 expectans
1450 2318 1487 2348 X

160 2367 250 2393 esset
265 2367 341 2402 post
355 2374 428 2393 cum
446 2364 477 2393 E
565 2365 643 2394 urbs
662 2365 718 2396 L':
747 2365 835 2404 vulg.
854 2365 932 2394 urbs
949 2364 1065 2403 divisa,
1083 2363 1171 2394 acies
