1705 2729
608 130 844 168 INCERTI
877 130 1158 169 AVCTORIS

220 239 391 278 coiciunt
420 248 537 289 atque
567 239 619 278 ita
648 240 900 279 acerbissimo
930 241 1118 279 adficiunt
1153 242 1369 292 supplicio,
1400 242 1545 282 deinde

183 317 199 347 5
219 304 395 354 protinus
421 304 579 343 Uticam
609 305 850 354 perveniunt.
912 305 1118 356 Superiore
1148 313 1323 356 ternpore
1352 308 1407 344 M.
1431 309 1543 354 Cato,

218 370 327 418 quod
348 369 386 407 in
409 369 664 408 Uticensibus
694 377 852 420 propter
882 370 1118 408 beneficium
1149 370 1242 419 legis
1265 370 1388 409 Iuliae
1408 385 1544 421 parum

218 433 296 472 suis
326 433 499 484 partibus
529 433 696 484 praesidi
727 448 811 473 esse
841 434 1135 482 existimaverat,
1166 435 1323 485 plebem
1355 435 1543 475 inermem

217 497 365 548 oppido
397 497 562 536 eiecerat
596 505 634 537 et
664 505 754 537 ante
786 507 936 549 portam
976 499 1157 537 bellicam
1196 499 1328 538 castris
1363 501 1544 551 fossaque
1564 514 1581 546 5

217 564 375 612 parvula
413 564 615 602 dumtaxat
653 563 869 602 muniverat
908 563 1041 613 ibique
1073 563 1260 602 custodiis
1295 563 1544 603 circumdatis

218 627 392 666 habitare
412 635 592 677 coegerat
610 643 619 675 3
649 636 827 667 senatum
855 636 985 667 autem
1016 627 1152 679 oppidi
1173 627 1352 667 custodia
1372 629 1541 667 tenebat.

180 707 194 734 4
219 693 366 729 Eorum
396 700 520 730 castra
550 692 585 730 ei
615 692 765 742 equites
794 692 919 732 adorti
951 706 1170 743 expugnare
1200 700 1423 743 coeperunt,
1453 692 1544 731 ideo

218 757 326 805 quod
347 770 413 794 eos
435 756 611 796 Caesaris
632 757 806 807 partibus
827 757 965 795 favisse
986 757 1172 804 sciebant,
1196 765 1237 795 ut
1258 757 1312 795 eis
1334 756 1543 796 interfectis

179 835 195 865 5
217 834 352 858 eorum
390 821 561 870 pernicie
600 822 778 860 dolorem
817 835 931 859 suum
974 821 1260 860 ulciscerentur.
1334 821 1543 861 Uticenses

215 884 348 923 animo
386 885 522 924 addito
562 900 607 924 ex
646 886 824 926 Caesaris
862 886 1023 925 victoria
1064 886 1258 937 lapidibus
1298 886 1544 937 fustibusque

177 959 195 988 6
216 949 367 999 equites
388 952 650 1000 reppulerunt.
711 953 850 1001 Itaque
871 959 1007 1002 postea
1027 965 1145 1001 quam
1165 959 1290 990 castra
1310 964 1390 990 non
1411 959 1544 1001 potue-

216 1022 301 1052 rant
330 1015 455 1065 potiri‚
490 1015 649 1054 Uticam
679 1029 720 1054 se
754 1015 794 1054 in
828 1016 1019 1067 oppidum
1055 1016 1307 1055 coniecerunt
1340 1024 1458 1066 atque
1489 1015 1543 1054 ibi

217 1081 360 1118 multos
382 1080 581 1120 Uticensis
602 1080 879 1120 interfecerunt
905 1083 1126 1132 domosque
1147 1095 1282 1121 eorum
1302 1095 1543 1132 expugnave-

178 1153 304 1192 7runt
334 1159 379 1184 ac
411 1146 664 1197 diripuerunt.
725 1147 881 1196 Quibus
913 1161 1002 1186 cum
1035 1149 1135 1188 Cato
1169 1149 1402 1198 persuadere
1436 1149 1542 1186 nulla

215 1210 364 1249 ratione
402 1211 528 1261 quiret
566 1219 609 1250 ut
647 1225 781 1251 secum
820 1212 1012 1263 oppidum
1050 1213 1307 1251 defenderent
1345 1220 1383 1251 et
1420 1212 1542 1251 caede

214 1275 438 1326 rapinisque
467 1276 698 1315 desisterent
728 1285 766 1316 et
795 1277 892 1328 quid
922 1277 995 1316 sibi
1022 1278 1166 1316 vellent
1196 1277 1320 1324 sciret,
1343 1278 1542 1316 sedandae

177 1347 193 1376 S
214 1354 349 1379 eorum
380 1340 684 1391 importunitatis
713 1341 834 1392 gratia
862 1341 1022 1392 singulis
1047 1353 1071 1380 C
1091 1341 1231 1381 divisit.
1292 1343 1406 1381 Idem
1436 1343 1543 1380 Sulla

215 1407 380 1443 Faustus
402 1405 492 1444 fecit
513 1419 558 1444 ac
579 1407 629 1444 de
650 1419 720 1444 sua
739 1406 907 1457 pecunia
936 1406 1093 1457 largitus
1115 1415 1172 1446 est
1193 1421 1349 1458 unaque
1370 1420 1460 1446 cum
1481 1405 1541 1444 his

212 1470 262 1509 ab
285 1470 404 1510 Utica
422 1471 680 1521 proficiscitur
699 1479 817 1522 atque
837 1472 877 1510 in
898 1485 1060 1522 regnum
1081 1472 1134 1511 ire
1155 1473 1333 1512 intendit.

141 1539 192 1577 88
268 1536 502 1586 Complures
541 1536 695 1575 interim
730 1551 776 1575 ex
810 1538 900 1587 fuga
932 1537 1091 1577 Uticam
1126 1540 1367 1590 perveniunt.
1428 1542 1541 1590 Quos

213 1600 340 1639 omnis
363 1602 462 1640 Cato
484 1610 721 1640 convocatos
743 1615 820 1640 una
840 1616 930 1641 cum
953 1615 1037 1651 ccc,
1054 1605 1121 1655 qui
1141 1605 1349 1656 pecuniam
1367 1605 1540 1656 Scipioni

211 1666 262 1704 ad
282 1666 430 1704 bellum
451 1665 677 1704 faciendum
698 1669 953 1715 contulerant,
977 1671 1152 1708 hortatur
1172 1678 1214 1709 ut
1234 1670 1387 1709 servitia
1408 1684 1541 1709 manu-

175 1746 190 1768 2
213 1729 410 1768 mitterent
430 1730 701 1781 oppidumque
731 1733 998 1772 defenderent.
1060 1737 1239 1784 Quorum
1269 1750 1359 1774 curn
1389 1743 1539 1786 partem

210 1794 407 1842 assentire,
431 1803 580 1846 partem
610 1796 785 1835 animum
817 1808 1070 1851 mentemque
1099 1800 1339 1851 perterritam
1360 1809 1478 1851 atque
1499 1800 1538 1838 in

210 1861 341 1910 fugam
358 1860 593 1899 destinatam
615 1862 759 1901 habere
781 1864 1044 1913 intellexisset,
1059 1865 1227 1916 amplius
1243 1867 1294 1904 de
1310 1880 1355 1905 ea
1371 1880 1410 1904 re
1426 1879 1539 1916 agere

210 1925 358 1963 destitit
390 1925 577 1976 navisque
616 1927 676 1966 his
707 1929 894 1977 attribuit,
932 1938 974 1968 ut
1012 1931 1051 1968 in
1090 1945 1186 1981 quas
1221 1931 1387 1981 quisque
1420 1930 1538 1980 partis

173 1990 324 2032 3vellet
355 1990 674 2040 proficisceretur.
749 1996 840 2044 Ipse
875 1995 1059 2033 omnibus
1094 1996 1209 2034 rebus
1243 1994 1539 2045 diligentissime

209 2054 440 2101 constitutis,
465 2055 594 2095 liberis
616 2057 694 2096 suis
717 2060 759 2096 L.
784 2059 952 2106 Caesari,
976 2059 1042 2109 qui
1070 2067 1152 2097 tum
1181 2059 1215 2098 ei
1241 2073 1311 2109 pro
1333 2066 1538 2109 quaestore

209 2120 342 2165 fuerat,
380 2122 679 2169 commendatis,
716 2130 754 2161 et
788 2123 871 2162 sine
906 2123 1139 2174 suspicione,
1170 2125 1279 2161 vultu
1313 2131 1431 2174 atque
1465 2137 1538 2162 ser-

209 2196 326 2222 mone
357 2197 436 2233 quo
467 2186 664 2235 superiore
699 2194 873 2237 tempore
906 2201 997 2225 usus
1029 2189 1162 2234 fuerat,
1199 2202 1289 2226 cum
1324 2187 1536 2227 dormitum

209 2247 311 2294 isset,
348 2250 490 2287 ferrum
523 2249 624 2289 intro
662 2252 762 2289 clam
802 2251 841 2289 in
880 2251 1106 2290 cubiculum
1142 2252 1228 2290 tulit
1258 2260 1376 2302 atque
1410 2252 1463 2290 ita
1496 2266 1537 2291 se

253 2363 272 2390 3
299 2353 332 2382 in
350 2357 422 2383 ante
440 2353 658 2384 Uticensibus
673 2355 779 2391 posuit
795 2354 928 2394 Lipsius
945 2366 951 2385 ε
976 2360 1050 2385 ante
1066 2356 1136 2386 suis
1153 2356 1270 2386 habent
1285 2355 1358 2385 libri
1442 2356 1462 2385 8
1488 2356 1535 2397 ei]

211 2396 232 2426 ii
251 2396 447 2427 Μαιιιιίίιιει
475 2397 522 2428 ·L·
540 2397 590 2428 vel
606 2398 637 2427 -l·
656 2397 783 2428 DL'T:
809 2399 1054 2437 quinquaginta
1075 2398 1105 2428 V
1191 2409 1232 2430 20
1257 2399 1429 2430 contendit
1446 2397 1490 2428 L¹

1567 837 1604 860 10

1566 1161 1601 1192 ¹5

1563 1485 1603 1506 20

1561 1809 1598 1840 ²5

1559 2131 1598 2162 30
