1705 2729
122 885 161 907 10

121 1846 159 1877 25

120 2169 160 2200 30

370 185 443 221 DE
475 184 653 221 BELLO
683 182 1098 220 ALEXANDRINO
1129 182 1297 219 LIBER

179 302 326 332 meatus
340 293 555 343 supportari
576 300 725 342 poterat
739 308 749 341 3
777 292 1004 341 magnisque
1024 292 1317 330 difficultatibus
1338 299 1496 330 coactus

179 372 257 397 non
292 366 332 396 ut
362 359 516 396 volebat
546 359 615 395 sed
646 366 687 395 ut
721 370 879 395 necesse
911 365 990 395 erat
1020 358 1165 395 bellum
1198 357 1365 406 gerebat.
1438 358 1498 393 lta
1520 374 1532 393 ε

178 436 267 460 cum
294 421 507 461 durissimis
535 421 830 472 tempestatibus
860 429 1016 470 propter
1041 420 1216 470 inopiam
1247 422 1403 459 castella
1432 427 1498 457 aut

179 486 323 536 oppida
352 500 569 536 expugnare
601 493 810 536 cogeretur,
833 487 969 524 crebro
998 485 1251 523 incommoda
1282 484 1498 534 accipiebat

179 552 356 600 adeoque
376 558 434 588 est
453 564 475 588 a
496 550 666 588 barbaris
687 557 936 599 contemptus
964 557 1005 587 ut
1029 551 1211 587 Salonam
1239 563 1278 587 se
1309 548 1498 598 recipiens

179 614 217 652 in
239 614 426 664 oppidum
455 614 702 660 maritimum,
726 615 833 663 quod
860 613 962 652 cives
991 613 1161 651 Romani
1189 606 1386 651 fortissimi
1408 613 1499 650 fide-

178 678 390 728 lissimique
411 678 646 724 incolebant,
669 678 708 715 in
728 678 882 727 agmine
903 677 1088 716 dimicare
1108 678 1156 715 sit
1177 685 1345 715 coactus.
1407 678 1498 724 Quo
1520 691 1537 721 3

178 742 325 793 proelio
354 744 509 781 duobus
540 742 696 780 milibus
726 742 892 780 militum
921 742 1088 792 amplius
1114 741 1277 788 amissis,
1310 741 1500 779 centurio-

179 806 293 845 nibus
314 819 490 853 xxxvm,
514 806 677 845 tribunis
709 819 781 853 1111,
805 820 894 844 cum
916 806 1071 855 reliquis
1101 806 1224 856 copiis
1255 808 1437 844 Salonam
1460 820 1499 844 se

179 871 322 921 recepit
360 885 589 920 summaque
628 870 680 909 ibi
715 870 941 908 difficultate
972 884 1098 908 rerum
1133 869 1310 908 omnium
1346 884 1499 920 pressus

179 935 311 985 paucis
332 935 532 974 mensibus
562 935 700 973 morbo
720 934 842 984 periit.
903 934 1025 973 Cuius
1055 942 1093 971 et
1122 933 1327 972 infelicitas
1357 934 1431 971 vivi
1462 942 1499 972 et
1519 950 1537 979 ⁴

178 999 306 1038 subita
328 1013 429 1038 mors
450 999 489 1037 in
520 1013 698 1049 magnam
730 1013 839 1048 spem
865 999 1072 1038 Octavium
1094 999 1256 1037 adduxit
1277 998 1499 1048 provinciae

179 1064 414 1114 potiendae,
436 1078 552 1114 quem
570 1073 699 1102 tamen
717 1063 863 1102 diutius
879 1063 918 1100 in
940 1064 1054 1101 rebus
1075 1063 1257 1101 secundis
1275 1071 1312 1101 et
1333 1065 1496 1110 fortuna,

178 1141 277 1177 quae
307 1128 516 1178 plurimum
546 1127 585 1165 in
620 1127 731 1165 bellis
765 1134 903 1177 potest,
935 1126 1215 1177 diligentiaque
1246 1127 1432 1167 Cornifici
1462 1136 1500 1166 et

141 1209 153 1238 g
177 1192 295 1230 virtus
316 1191 448 1230 Vatini
469 1191 607 1229 versari
628 1204 741 1240 passa
761 1205 840 1229 non
862 1198 929 1229 est.

230 1256 409 1295 Vatinius
441 1255 622 1294 Brundisi
653 1270 741 1294 curn
773 1264 883 1301 esset,
906 1256 1071 1306 cognitis
1100 1257 1216 1294 rebus
1241 1271 1341 1306 quae
1370 1265 1499 1306 gestae
1518 1263 1572 1300 44

178 1328 285 1359 erant
306 1320 345 1358 in
368 1320 531 1369 Illyrico,
555 1334 644 1358 cum
677 1320 820 1358 crebris
851 1320 985 1358 litteris
1018 1321 1203 1359 Cornifici
1234 1323 1283 1359 ad
1313 1321 1499 1359 auxilium

177 1384 398 1435 provinciae
417 1385 620 1423 ferendum
637 1392 861 1423 evocaretur
880 1392 918 1422 et
936 1386 991 1422 M.
1008 1385 1217 1424 Octavium
1238 1385 1388 1424 audiret
1409 1400 1499 1424 cum

178 1449 347 1488 barbaris
368 1450 525 1487 foedera
544 1448 779 1498 percussisse
799 1449 1145 1499 compluribusque
1161 1450 1257 1488 locis
1278 1458 1498 1489 nostrorum

122 1530 135 1550 2
178 1513 344 1551 militum
378 1527 603 1563 oppugnare
637 1512 829 1563 praesidia
859 1513 997 1563 partim
1030 1515 1152 1552 classe
1186 1528 1254 1564 per
1288 1529 1328 1553 se
1359 1515 1498 1564 partim

178 1577 421 1628 pedestribus
437 1577 559 1628 copiis
575 1592 643 1628 per
658 1578 852 1625 barbaros,
869 1578 939 1616 etsi
959 1578 1062 1628 gravi
1084 1579 1307 1617 valetudine
1323 1581 1498 1618 adfectus

178 1641 239 1680 vix
259 1642 430 1692 corporis
450 1642 595 1681 viribus
616 1642 790 1680 animum
812 1643 1056 1692 sequebatur,
1081 1651 1211 1681 tamen
1239 1644 1378 1682 virtute
1408 1644 1499 1682 vicit

178 1705 473 1745 incommodum
502 1714 660 1745 naturae
690 1706 1015 1756 difficultatesque
1044 1715 1081 1745 et
1111 1707 1250 1746 hiemis
1280 1716 1318 1746 et
1348 1709 1498 1748 subitae

179 1771 491 1821 praeparationis.
542 1773 645 1810 Nam
667 1785 755 1809 cum
774 1771 856 1820 ipse
876 1785 1019 1821 paucas
1040 1771 1079 1809 in
1100 1780 1214 1822 portu
1235 1773 1343 1811 navis
1364 1775 1498 1823 longas
1521 1791 1534 1810 2

178 1836 347 1883 haberet,
371 1835 514 1874 litteras
542 1835 581 1873 in
606 1835 796 1873 Achaiam
827 1836 877 1874 ad
907 1836 955 1883 Q.
980 1837 1172 1875 Calenum
1202 1837 1316 1884 misit,
1340 1837 1395 1875 uti
1425 1837 1498 1876 sibi

177 1901 339 1938 classem
362 1900 538 1939 mitteret.
586 1901 706 1948 Quod
727 1913 816 1938 cum
839 1899 984 1938 tardius
1010 1901 1116 1938 fieret
1144 1914 1261 1951 quam
1283 1902 1497 1951 periculum
1519 1919 1536 1948 3

178 1972 396 2003 nostrorum
435 1965 642 2015 flagitabat,
677 1964 743 2014 qui
783 1964 971 2002 sustinere
1009 1964 1199 2015 impetum
1240 1966 1379 2004 Octavi
1417 1980 1497 2004 non

178 2036 365 2078 poterant,
406 2029 570 2068 navibus
608 2029 798 2076 actuariis,
839 2043 1003 2079 quarum
1049 2043 1233 2068 numerus
1281 2039 1360 2068 erat
1407 2031 1498 2069 satis

179 2105 350 2142 magnus,
374 2094 602 2143 magnitudo
628 2108 877 2144 nequaquam
906 2094 995 2132 satis
1024 2094 1123 2132 iusta
1142 2095 1192 2132 ad
1213 2095 1495 2143 proeliandum,

178 2165 298 2196 rostra
330 2157 525 2207 imposuit.
586 2159 662 2197 His
695 2159 889 2197 adiunctis
920 2159 1082 2197 navibus
1112 2159 1237 2209 longis
1267 2167 1304 2197 et
1333 2174 1497 2199 numero
1515 2177 1535 2207 4

227 2270 237 2289 1
263 2263 452 2301 supportari
466 2261 518 2292 X:
545 2268 743 2302 supportare
760 2263 936 2303 szpcrdey
1067 2275 1085 2302 4
1110 2264 1227 2293 crebra
1246 2263 1323 2293 LA5
1460 2274 1496 2303 17

180 2303 314 2343 Illyrico
340 2304 545 2345 Stephanus:
587 2306 759 2345 Illyricum
792 2306 829 2336 X
993 2317 1035 2346 29
1059 2307 1254 2345 magnitudo
1286 2317 1497 2345 nequaquam

178 2346 321 2379 Larsen:
347 2349 579 2387 magnitudine
603 2360 804 2389 quamquam
828 2350 882 2380 T‘:
917 2350 1150 2389 magnitudine
1172 2360 1336 2390 quaquam
1360 2361 1426 2380 non
1443 2350 1496 2380 D:

179 2390 410 2429 magnitudine
436 2402 636 2431 quamquam
667 2404 733 2424 non
765 2394 812 2423 U:
848 2394 1080 2432 magnitudine
1104 2393 1136 2423 E
1287 2403 1328 2432 30
1354 2393 1418 2423 His
1441 2393 1497 2423 ad-

179 2433 301 2464 iunctis
320 2433 541 2466 Vascosanns:
569 2436 642 2467 Has
659 2437 834 2467 adiunctas
849 2435 886 2466 X
