1705 2729
497 127 569 164 DE
602 126 780 164 BELLO
814 126 990 164 CIVILI
1023 128 1122 164 LIB.
1159 129 1222 165 III

199 250 239 275 se
266 236 470 275 obiecisset
496 235 743 285 Pompeianis
774 235 895 284 copiis
925 242 1042 285 atque
1067 249 1183 286 opere
1210 244 1251 275 ut
1278 239 1517 277 demonstra-

197 302 321 339 vimus
348 300 672 346 circummuniret,
697 307 820 338 castra
850 313 896 338 eo
926 301 1014 339 loco
1043 301 1182 350 posuit.
1244 304 1357 341 Haec
1381 303 1515 341 silvam

197 365 395 414 quandam
424 363 704 413 contingebant
733 377 861 413 neque
891 363 1042 413 longius
1070 377 1093 402 a
1119 365 1213 402 mari
1238 366 1415 415 passibus
1442 378 1516 405 CCC

196 429 365 467 aberant.
426 430 518 465 Post
539 435 689 465 mutato
709 427 873 465 consilio
897 427 1134 477 quibusdam
1155 430 1205 467 de
1226 429 1351 467 causis
1373 430 1516 469 Caesar
1539 444 1557 472 4

157 509 174 539 5
195 494 311 542 paulo
343 494 441 530 ultra
472 505 560 530 eum
594 494 725 530 locum
759 499 883 530 castra
916 492 1119 539 transtulit,
1157 493 1370 543 paucisque
1404 494 1516 532 inter-

195 556 320 594 missis
349 556 487 595 diebus
518 557 655 594 eadem
685 557 782 594 haec
804 556 1014 606 Pompeius
1044 565 1303 607 occupaverat
1332 565 1379 604 et,
1407 560 1514 607 quod

194 634 241 658 eo
261 623 348 659 loco
369 621 487 670 pluris
517 628 596 659 erat
621 621 791 671 legiones
819 621 1031 668 habiturus,
1056 622 1189 660 relicto
1213 622 1393 661 interiore
1414 625 1513 662 vallo

195 684 379 723 maiorem
403 685 597 723 adiecerat
627 684 896 723 munitionem.
958 687 1017 723 Ita
1041 685 1192 723 minora
1215 693 1339 724 castra
1365 686 1514 725 inclusa
1539 699 1555 728 5

195 748 403 786 maioribus
427 749 573 787 castelli
599 756 717 798 atque
743 749 840 787 arcis
870 751 1001 787 locum
1031 750 1272 788 obtinebant.
1334 751 1434 789 Item
1463 752 1514 789 ab
1537 760 1555 790 6

137 828 174 850 10
192 814 334 861 angulo
355 820 567 850 castrorum
589 813 742 851 sinistro
764 813 1023 852 munitionem
1043 815 1094 852 ad
1115 815 1261 853 flumen
1283 815 1514 864 perduxerat

192 877 340 916 circiter
370 891 505 927 passus
535 890 644 924 cccc,
677 891 756 927 quo
790 878 946 916 liberius
978 891 1023 916 ac
1057 878 1140 917 sine
1170 879 1342 928 periculo
1372 878 1513 917 milites

190 950 432 992 aquarentur.
493 944 570 981 Sed
591 943 621 980 is
649 956 807 993 quoque
837 950 987 981 mutato
1014 942 1178 981 consilio
1205 943 1442 993 quibusdam
1463 945 1513 982 de
1540 955 1553 986 7

190 1007 327 1054 causis,
350 1021 446 1057 quas
473 1008 770 1046 commemorari
799 1021 959 1047 necesse
988 1021 1068 1046 non
1098 1015 1164 1055 est,
1192 1021 1238 1046 eo
1268 1010 1357 1046 loco
1386 1022 1512 1046 exces-

191 1078 299 1108 serat.
361 1072 421 1109 Ita
458 1072 669 1121 compluris
703 1072 786 1110 dies
822 1079 1043 1111 manserant
1081 1079 1230 1120 castra3
1274 1072 1511 1111 munitiones

134 1148 169 1179 15
190 1134 349 1183 quidem
371 1148 506 1174 omnes
527 1135 698 1185 integrae
718 1144 835 1174 erant.

244 1200 304 1236 Eo
324 1199 432 1248 signa
452 1199 614 1249 legionis
635 1200 753 1239 inlata
773 1202 1034 1250 speculatores
1049 1201 1206 1241 Caesari
1228 1201 1507 1240 renuntiarunt.
1535 1205 1587 1251 67

190 1263 282 1300 Hoc
305 1262 409 1301 idem
434 1263 559 1301 visum
590 1278 636 1302 ex
665 1264 928 1314 superioribus
958 1265 1193 1314 quibusdam
1225 1265 1392 1303 castellis
1422 1280 1511 1304 con-

188 1327 443 1366 firmaverunt.
505 1330 544 1366 Is
573 1330 681 1367 locus
711 1329 844 1367 aberat
874 1329 983 1367 novis
1005 1329 1168 1379 Pompei
1199 1329 1331 1367 castris
1363 1330 1512 1369 circiter

188 1403 323 1439 passus
350 1391 592 1441 quingentos.
656 1395 773 1430 Hanc
802 1393 996 1442 legionem
1026 1406 1184 1443 sperans
1207 1395 1351 1433 Caesar
1376 1408 1416 1432 se
1447 1408 1512 1445 op-
1537 1411 1550 1431 2

130 1470 169 1491 20
187 1454 351 1504 primere
388 1469 503 1505 posse
541 1463 579 1494 et
616 1456 778 1505 cupiens
817 1456 899 1495 eius
938 1457 1015 1495 diei
1053 1457 1331 1496 detrimentum
1372 1458 1511 1497 sarcire

187 1519 340 1569 reliquit
378 1520 417 1558 in
455 1534 572 1570 opere
610 1521 780 1559 cohortis
815 1523 912 1560 duas
945 1535 1044 1571 quae
1076 1521 1245 1571 speciem
1282 1522 1510 1561 munitionis

187 1584 441 1633 praeberent;
479 1584 561 1634 ipse
595 1585 748 1623 diverso
778 1585 913 1623 itinere
942 1598 1060 1634 quam
1090 1585 1217 1635 potuit
1246 1586 1509 1625 occultissime
1534 1596 1550 1626 3

187 1647 352 1697 reliquas
372 1648 552 1695 cohortis,
576 1662 739 1687 numero
760 1661 910 1696 xxxffl,
934 1649 973 1686 in
1001 1649 1143 1699 quibus
1171 1642 1250 1688 erat
1276 1650 1376 1700 legio
1403 1664 1508 1689 nona

188 1712 318 1749 multis
337 1712 487 1750 amissis
512 1713 804 1751 centurionibus
833 1713 1118 1763 deminutoque
1143 1714 1309 1752 militum
1330 1728 1505 1762 numero,

128 1791 166 1821 25
186 1776 237 1812 ad
257 1775 449 1824 legionem
472 1776 635 1826 Pompei
661 1785 864 1827 castraque
894 1777 1044 1816 minora
1073 1778 1220 1828 duplici
1250 1779 1332 1817 acie
1363 1780 1505 1818 eduxit.

187 1839 327 1888 Neque
356 1853 446 1878 eum
475 1840 598 1890 prima
626 1841 760 1891 opinio
789 1842 932 1880 fefellit.
993 1844 1097 1881 Nam
1128 1850 1165 1881 et
1195 1843 1369 1893 pervenit
1405 1844 1509 1894 prius
1530 1856 1549 1886 4

184 1916 302 1952 quam
324 1904 534 1953 Pompeius
560 1905 702 1944 sentire
729 1914 860 1956 posset
886 1915 933 1954 et,
957 1907 1110 1945 tametsi
1139 1915 1247 1946 erant
1271 1908 1508 1947 munitiones

183 1975 396 2006 castrorum
434 1982 607 2018 magnae,
648 1977 780 2008 tamen
819 1971 974 2009 sinistro
1012 1985 1144 2019 cornu,
1188 1972 1255 2010 ubi
1296 1980 1375 2010 erat
1414 1972 1506 2022 ipse,

183 2032 355 2070 celeriter
385 2046 585 2082 aggressus
615 2034 879 2084 Pompeianos
911 2049 957 2074 ex
985 2037 1086 2074 vallo
1122 2036 1353 2074 deturbavit.
1418 2039 1510 2075 Erat
1531 2053 1546 2083 5

126 2110 165 2139 30
183 2095 360 2134 obiectus
389 2097 508 2146 portis
538 2097 686 2136 ericius.
747 2099 826 2137 Hic
856 2100 1050 2150 paulisper
1079 2108 1137 2138 est
1166 2108 1392 2150 pugnatum,
1418 2114 1507 2139 cum

227 2209 246 2237 3
270 2199 343 2240 ccc]
365 2210 462 2230 -cccc-
481 2200 509 2229 L
620 2202 640 2231 8
665 2202 809 2242 inclusa]
828 2203 941 2234 clausa
956 2202 1002 2232 D‘
1111 2214 1132 2243 9
1156 2204 1283 2234 castelli
1304 2203 1410 2233 D'VL
1430 2215 1504 2236 corr.

183 2241 318 2273 Fcorr.:
342 2243 487 2273 castellis
501 2243 577 2273 L'T
663 2255 701 2275 10
719 2246 952 2286 munitionem]
966 2247 1169 2277 munitiones
1180 2246 1226 2276 D'
1322 2258 1355 2277 11
1378 2248 1509 2277 circiter

183 2295 270 2323 pass.
289 2288 334 2319 B:
358 2296 478 2324 passus
503 2288 636 2318 circiter
652 2288 699 2318 E:
733 2289 866 2319 circiter
881 2288 915 2318 D
1052 2291 1090 2319 16
1114 2290 1207 2328 signa
1232 2289 1378 2329 legionis
1406 2291 1507 2320 inlata

185 2327 387 2359 ciacconius:
412 2329 508 2368 signo
529 2330 672 2369 legionis
695 2331 799 2362 inlato
816 2331 852 2361 X
986 2342 1021 2370 17
1047 2333 1333 2363 confirmaverunt
1357 2332 1399 2365 V:
1428 2344 1505 2363 con-

184 2370 393 2401 firmaverant
410 2376 471 2402 cett.
