1705 2729
615 141 849 180 INCERTI
881 141 1162 180 AVCTORIS

225 251 550 289 animadverteret
572 252 693 289 multa
715 253 867 290 Romae
896 253 995 289 male
1020 260 1057 289 et
1085 251 1269 290 inutiliter
1292 251 1552 291 administrari

225 329 353 365 neque
374 317 492 353 ullam
523 323 671 365 partem
702 315 753 353 rei
782 315 962 365 publicae
987 315 1077 352 satis
1102 317 1312 354 commode
1331 316 1420 366 geri,
1444 318 1553 366 quod

225 387 261 418 et
292 379 612 419 contentionibus
646 379 863 418 tribuniciis
898 379 1139 429 perniciosae
1171 380 1383 419 seditiones
1412 380 1553 420 oriren-

225 452 285 482 tur
314 452 351 483 et
380 443 597 483 ambitione
626 451 743 494 atque
773 444 1015 494 indulgentia
1042 443 1287 482 tribunorum
1318 444 1484 483 rnilitum
1515 452 1553 483 et

225 508 291 558 qui
323 508 543 558 legionibus
577 515 779 558 praeerant
809 510 931 546 multa
962 516 1097 546 contra
1125 522 1273 547 morem
1304 509 1552 548 consuetudi·
1573 521 1590 551 5

224 587 394 623 nemque
416 573 620 611 militarem
648 574 793 619 fierent,
817 587 917 623 quae
942 573 1215 611 dissolvendae
1242 573 1471 623 disciplinae
1498 587 1553 612 se-

223 638 471 688 veritatisque
505 645 644 684 essent,
674 652 798 688 eaque
828 638 961 676 omnia
995 637 1165 687 flagitare
1193 638 1406 676 adventum
1437 652 1551 677 suum

223 702 381 749 videret,
405 710 536 741 tamen
557 704 855 753 praeferendum
877 702 1132 748 existimabat,
1155 715 1251 751 quas
1272 701 1310 739 in
1332 702 1551 752 provincias

223 767 479 817 regionesque
500 767 678 813 venisset,
703 780 767 805 eas
788 766 840 804 ita
867 766 1084 816 relinquere
1105 765 1336 805 constitutas
1358 773 1399 804 ut
1419 767 1551 805 dome-

222 831 327 869 sticis
357 831 667 870 dissensionibus
698 831 960 877 liberarentur,
994 831 1075 868 iura
1105 832 1287 881 legesque
1316 830 1547 880 acciperent,
1573 844 1611 867 10

187 910 200 930 2
222 903 469 934 externorum
501 895 672 935 hostium
705 903 853 934 metum
885 896 1138 945 deponerent.
1214 897 1327 933 Haec
1358 894 1398 932 in
1430 895 1548 944 Syria,

223 959 370 1005 Cilicia,
405 960 499 998 Asia
530 959 704 998 celeriter
738 973 778 998 se
810 960 1080 998 confecturum
1113 959 1302 1009 sperabat,
1337 960 1445 1009 quod
1476 960 1550 998 hae

221 1024 444 1074 provinciae
473 1026 581 1063 nullo
612 1025 715 1062 bello
742 1024 1018 1074 premebantur
1033 1039 1043 1071 ,-
1072 1023 1110 1061 in
1139 1023 1323 1073 Bithynia
1347 1037 1393 1062 ac
1422 1026 1550 1063 Ponto

183 1101 200 1131 3
221 1090 307 1138 plus
335 1088 463 1127 oneris
487 1088 645 1127 videbat
675 1088 748 1127 sibi
778 1088 1015 1138 impendere.
1077 1089 1170 1127 Non
1201 1088 1411 1127 excessisse
1443 1088 1548 1127 enim

222 1154 350 1192 Ponto
373 1154 599 1191 Pharnacen
628 1153 814 1192 audiebat
843 1166 972 1203 neque
992 1167 1240 1191 excessurum
1260 1154 1433 1204 putabat,
1457 1167 1547 1192 cum
1571 1165 1607 1196 15

220 1219 396 1256 secundo
425 1218 573 1268 proelio
594 1219 846 1256 vehementer
866 1225 967 1256 esset
988 1218 1143 1257 inflatus
1173 1219 1282 1268 quod
1306 1225 1442 1257 contra
1470 1220 1548 1257 Do-

180 1299 200 1329 4
220 1282 373 1320 mitium
406 1283 615 1322 Calvinum
649 1284 801 1321 fecerat.
867 1284 1143 1322 Commoratus
1178 1284 1256 1321 fere
1288 1283 1328 1320 in
1362 1282 1547 1322 omnibus

218 1346 439 1386 civitatibus
467 1361 567 1397 quae
588 1347 733 1386 maiore
755 1354 844 1385 sunt
865 1347 1062 1398 dignitate,
1087 1347 1258 1398 praemia
1278 1348 1380 1386 bene
1402 1347 1547 1386 meritis

217 1418 255 1449 et
276 1411 416 1449 viritim
433 1419 471 1450 et
491 1412 649 1462 publice
669 1412 812 1459 tribuit,
837 1413 886 1450 de
907 1412 1178 1451 controversiis
1194 1411 1389 1450 veteribus
1406 1425 1547 1462 cogno-

217 1475 289 1514 scit
301 1490 347 1514 ac
367 1476 500 1515 statuit
515 1492 524 1524 3
558 1490 676 1527 reges,
696 1484 889 1526 tyrannos,
908 1478 1090 1526 dynastas
1108 1476 1331 1527 provinciae
1345 1476 1542 1523 finitimos,
1567 1489 1606 1511 20

217 1541 283 1591 qui
297 1555 434 1579 omnes
450 1542 501 1580 ad
517 1555 607 1579 eum
623 1549 907 1587 concurrerant,
924 1548 1100 1591 receptos
1117 1541 1156 1579 in
1174 1542 1292 1580 fidem
1307 1540 1546 1580 condicioni-

218 1606 290 1644 bus
311 1605 504 1656 impositis
525 1605 747 1655 provinciae
774 1606 943 1644 tuendae
963 1619 1008 1644 ac
1029 1607 1303 1645 defendendae
1327 1605 1487 1644 dimittit
1507 1613 1545 1644 et

218 1669 290 1708 sibi
311 1678 349 1708 et
370 1672 517 1720 populo
539 1672 723 1709 Romano
743 1670 1011 1709 amicissimos.

141 1737 199 1774 66
264 1735 402 1773 Paucis
416 1735 555 1774 diebus
569 1735 608 1773 in
622 1749 667 1774 ea
680 1734 879 1785 provincia
891 1735 1134 1786 consumptis
1148 1736 1308 1774 Sextum
1323 1736 1541 1780 Caesarem,

216 1799 387 1837 amicum
421 1807 459 1837 et
492 1799 754 1838 necessarium
786 1813 912 1846 suum,
943 1799 1162 1850 legionibus
1197 1799 1406 1849 Syriaeque
1439 1812 1545 1849 prae·
1565 1810 1603 1842 25

215 1863 320 1911 ficit3
362 1863 444 1914 ipse
471 1865 610 1903 eadem
644 1866 766 1903 classe
798 1877 876 1914 qua
909 1871 1066 1902 venerat
1098 1863 1354 1914 proficiscitur
1382 1863 1423 1901 in
1453 1863 1544 1903 Cili-

178 1945 192 1966 2
214 1928 325 1967 ciam.
397 1928 520 1968 Cuius
559 1928 781 1979 provinciae
821 1928 996 1967 civitates
1030 1928 1157 1967 omnis
1192 1935 1329 1967 evocat
1362 1929 1540 1974 Tarsum,

213 1994 322 2042 quod
360 1993 551 2043 oppidum
590 1995 668 2032 fere
708 1993 826 2032 totius
862 1993 1022 2033 Ciliciae
1060 1993 1348 2032 nobilissimum
1386 1992 1543 2032 fortissi-

174 2070 192 2101 3
214 2071 402 2108 mumque
423 2066 489 2096 est.
552 2058 613 2097 Ibi
635 2059 750 2097 rebus
772 2057 955 2097 omnibus
976 2057 1199 2108 provinciae
1226 2064 1263 2096 et
1288 2056 1540 2096 finitimarum

212 2122 426 2161 civitatium
469 2122 690 2162 constitutis
732 2122 946 2173 cupiditate
993 2122 1267 2172 proficiscendi
1304 2122 1355 2160 ad
1392 2122 1540 2161 bellum
1561 2136 1601 2166 30

210 2188 425 2237 gerendum
465 2201 545 2227 non
584 2187 730 2227 diutius
764 2194 944 2234 moratur,
980 2186 1209 2238 magnisque
1236 2186 1438 2226 itineribus
1472 2200 1540 2238 per

252 2301 272 2330 3
297 2291 465 2322 orirentur
493 2290 614 2321 D'FV:
655 2295 834 2322 orerentur
860 2289 961 2322 LUT
1080 2292 1100 2321 8
1125 2290 1331 2321 existimavit
1347 2292 1370 2324 β
1499 2300 1538 2328 19

209 2335 362 2374 privatim
392 2334 568 2365 Schneider
732 2345 774 2365 20
799 2334 960 2365 finitimos
988 2333 1208 2374 Oudendorp:
1246 2334 1475 2373 finitimosque
1503 2330 1542 2363 X

210 2388 251 2417 25
276 2378 469 2417 legionibus
485 2377 538 2408 X:
565 2378 690 2417 legioni
709 2378 956 2408 Domaszewskz'
1050 2387 1092 2416 30
1116 2377 1289 2408 civitatum
1307 2377 1383 2408 LT'
