1705 2729
415 129 488 165 DE
520 128 700 167 BELLO
729 127 940 166 AFRICO
971 128 1142 164 LIBER

172 239 326 287 Quibus
347 239 461 276 rebus
483 237 613 287 Scipio
634 237 779 288 quique
799 251 889 275 cum
911 251 957 275 eo
979 244 1108 276 essent
1129 237 1291 275 comites
1313 236 1438 275 mirari
1458 240 1508 279 35

118 310 156 342 et
193 302 411 356 requirere:
453 304 496 342 C.
530 304 748 349 Caesarem,
782 301 849 351 qui
889 303 988 339 ultro
1026 309 1255 339 consuesset
1293 302 1439 339 bellum

118 367 255 405 inferre
285 379 331 404 ac
362 368 550 405 lacessere
581 365 738 416 proelio,
769 365 900 404 subito
930 372 1216 403 commutatum
1248 379 1327 403 non
1357 365 1440 403 sine

118 445 259 481 magno
278 430 442 469 consilio
463 430 769 480 suspicabantur.
831 431 970 479 Itaque
999 443 1045 467 ex
1074 429 1157 467 eius
1186 428 1372 479 patientia
1400 428 1440 466 in
1462 440 1475 461 2

81 508 98 539 5
118 508 303 544 magnum
332 494 512 532 timorem
541 493 709 533 coniecti
742 507 789 532 ex
823 493 1000 532 Gaetulis
1029 494 1129 532 duos
1158 506 1257 543 quos
1286 492 1441 531 arbitra-

118 561 258 599 bantur
277 559 355 598 suis
376 560 490 598 rebus
510 559 767 598 amicissimos
789 559 939 609 magnis
959 558 1140 609 praemiis
1157 558 1441 609 pollicitationi-

117 624 269 673 busque
298 623 506 674 propositis
536 637 606 674 pro
634 623 805 674 perfugis
836 622 1066 672 speculandi
1099 622 1220 672 gratia
1248 622 1288 660 in
1317 629 1441 660 castra

117 687 293 727 Caesaris
314 687 481 726 mittunt.
528 687 608 736 Qui
629 687 743 726 simul
763 688 815 726 ad
835 700 925 726 eum
947 694 1037 725 sunt
1057 686 1229 733 deducti,
1247 686 1440 736 petierunt
1461 698 1478 728 3

117 759 159 790 ut
179 751 251 790 sibi
272 751 402 790 liceret
422 752 540 790 verba
559 751 642 790 sine
662 750 836 802 periculo
857 750 1048 801 proloqui.
1110 753 1307 789 Potestate
1328 752 1438 797 facta,
1459 764 1478 793 4

60 832 98 854 10
120 817 455 866 ‘Saepenumero,’
475 815 667 865 inquiunt,
689 815 930 866 ‘imperator,
949 816 1170 865 complures
1193 814 1357 861 Gaetuli,
1374 814 1440 864 qui

117 894 250 919 sumus
266 880 426 919 clientes
443 881 487 920 C.
505 879 616 927 Mari,
633 887 671 919 et
686 880 976 931 propemodum
992 892 1130 918 omnes
1151 878 1254 917 cives
1270 877 1440 917 Romani

116 945 183 995 qui
216 952 306 984 sunt
334 945 374 983 in
403 944 556 995 legione
587 957 660 983 1111.
694 952 731 982 et
764 956 828 991 vr,
858 945 909 982 ad
938 951 976 981 te
1004 942 1198 981 voluimus
1228 942 1267 980 in
1297 950 1441 992 tuaque

115 1009 307 1060 praesidia
327 1011 536 1058 confugere
550 1023 560 1057 3
586 1010 657 1048 sed
677 1008 865 1048 custodiis
887 1007 1064 1058 equitum
1081 1007 1344 1046 Numidarum
1361 1020 1441 1057 quo

115 1073 156 1112 id
190 1073 272 1112 sine
306 1073 479 1123 periculo
512 1073 641 1111 minus
675 1074 890 1112 faceremus
929 1072 1252 1123 impediebamur.
1323 1073 1440 1110 Nunc

59 1154 95 1187 15
116 1139 207 1177 data
226 1139 408 1176 facultate
427 1138 478 1176 ad
498 1145 536 1176 te
556 1137 809 1188 cupidissime
829 1137 1018 1184 venimus,
1042 1150 1112 1186 pro
1133 1136 1440 1187 speculatoribus

116 1202 223 1241 missi
253 1203 303 1241 ab
337 1201 521 1252 Scipione
552 1210 594 1241 ut
625 1201 932 1253 perspiceremus
962 1215 1057 1239 num
1089 1214 1190 1251 quae
1219 1202 1345 1240 fossae
1373 1208 1440 1240 aut

115 1267 278 1306 insidiae
301 1267 518 1317 elephantis
542 1274 633 1306 ante
657 1274 782 1306 castra
807 1274 1018 1318 portasque
1038 1265 1127 1304 valli
1153 1267 1277 1304 factae
1298 1273 1437 1313 essent,

115 1331 310 1382 simulque
339 1331 502 1370 consilia
524 1339 650 1370 vestra
673 1339 809 1370 contra
832 1332 991 1370 easdem
1016 1330 1159 1370 bestias
1186 1330 1441 1381 comparatio-

115 1410 285 1447 nemque
315 1410 469 1447 pugnae
503 1409 830 1447 cognosceremus
863 1404 982 1445 atque
1016 1395 1070 1434 eis
1105 1395 1440 1433 renuntiaremus?

58 1477 97 1500 20
116 1461 195 1510 Qui
225 1461 436 1500 collaudati
465 1474 489 1499 a
519 1462 685 1501 Caesare
716 1460 991 1511 stipendioque
1022 1460 1157 1499 donati
1190 1460 1241 1498 ad
1270 1459 1439 1509 reliquos
1459 1472 1476 1502 5

114 1527 291 1576 perfugas
321 1527 579 1565 deducuntur.
640 1527 820 1574 Quorum
850 1524 1066 1563 orationem
1097 1524 1271 1563 celeriter
1300 1523 1438 1562 veritas
1458 1531 1478 1562 6

113 1591 409 1641 comprobavit:
445 1604 616 1641 namque
645 1599 802 1641 postero
832 1589 896 1629 die
926 1603 972 1628 ex
1006 1589 1224 1640 legionibus
1258 1588 1312 1627 eis
1342 1602 1438 1638 quas

114 1656 270 1695 Gaetuli
290 1655 541 1694 nominarunt
563 1655 702 1694 milites
723 1654 922 1705 legionarii
943 1656 1163 1705 complures
1183 1654 1234 1692 ab
1255 1653 1438 1704 Scipione

113 1720 154 1759 in
174 1728 298 1760 castra
318 1721 495 1761 Caesaris
515 1723 775 1772 perfugerunt.

56 1800 94 1833 ²5
169 1788 275 1824 Dum
305 1787 402 1824 haec
431 1788 482 1825 ad
513 1786 732 1836 Ruspinam
762 1792 957 1835 geruntur,
988 1787 1043 1823 M.
1071 1786 1183 1832 Cato,
1207 1784 1274 1835 qui
1296 1783 1438 1824 Uticae
1457 1786 1511 1831 36

113 1858 298 1900 praeerat,
327 1851 493 1890 dilectus
527 1850 672 1890 cotidie
703 1850 985 1897 libertinorum,
1012 1851 1208 1896 Afrorum,
1238 1862 1437 1887 servorum

114 1915 285 1965 denique
311 1922 349 1954 et
377 1915 679 1965 cuiusquemodi
706 1914 858 1965 generis
888 1914 1106 1961 hominum,
1129 1913 1196 1964 qui
1223 1915 1344 1952 modo
1369 1927 1437 1963 per

112 1987 280 2019 aetatem
317 1993 425 2018 arma
462 1982 559 2019 ferre
598 1987 789 2030 poterant,
824 1980 968 2018 habere
1006 1986 1124 2028 atque
1162 1979 1236 2017 sub
1275 1991 1436 2016 manum

113 2043 286 2094 Scipioni
315 2043 355 2083 in
385 2052 510 2083 castra
545 2044 788 2083 summittere
818 2057 898 2082 non
928 2042 1158 2082 intermittit.
1217 2042 1354 2093 Legati
1383 2042 1437 2080 in-
1459 2057 1473 2078 2

53 2122 94 2154 30
113 2108 224 2147 terim
255 2122 301 2148 ex
335 2108 483 2159 oppido
510 2110 724 2159 Thysdrae,
757 2109 796 2147 in
829 2109 937 2158 quod
972 2108 1087 2146 tritici
1122 2107 1299 2146 modium
1331 2106 1436 2145 milia

111 2185 186 2212 ccc
223 2181 467 2223 comportata
505 2175 656 2213 fuerant
694 2188 717 2212 a
755 2173 1062 2224 negotiatoribus
1099 2172 1245 2211 Italicis
1283 2172 1436 2211 aratori-

159 2287 198 2308 10
222 2277 377 2317 inquiunt
393 2277 478 2308 λΔῖδ
494 2289 501 2309 :
525 2276 682 2317 inquitX
784 2287 821 2316 15
839 2277 932 2308 verba
943 2287 1005 2316 pro
1017 2286 1066 2316 sp.
1081 2286 1122 2307 m.
1139 2276 1181 2307 ab
1194 2276 1436 2316 Scipionepost

111 2321 267 2351 venimus
278 2326 349 2360 pos.
378 2320 538 2352 Kuebler:
568 2324 643 2361 post
666 2320 823 2352 facultate
850 2320 967 2351 habent
992 2318 1029 2349 X
1190 2329 1233 2358 30
1257 2319 1434 2358 Thysdrae

112 2362 233 2395 DLU:
256 2364 421 2395 Thisdrae
438 2364 517 2396 FT:
543 2364 703 2395 Thisarae
723 2363 755 2393 V
