1705 2729
442 141 516 176 DE
547 138 727 176 BELLO
757 137 935 175 CIVILI
967 138 1069 173 LIB.
1104 138 1169 173 III

146 251 282 290 rissent
312 258 429 300 atque
465 249 641 287 animum
671 247 927 286 advertissent
966 261 1046 285 non
1086 248 1263 286 concurri
1295 262 1319 286 a
1353 250 1466 286 Pom-

146 315 303 366 peianis,
337 328 409 353 usu
448 313 558 363 periti
595 327 641 350 ac
679 311 943 361 superioribus
982 311 1121 361 pugnis
1161 312 1356 350 exercitati
1396 326 1465 350 sua

145 387 283 428 sponte
323 392 476 417 cursum
516 383 779 427 represserunt
818 384 856 414 et
888 378 939 415 ad
974 376 1148 414 medium
1183 378 1261 414 fere
1295 376 1463 425 spatium

145 444 410 490 constiterunt,
433 457 484 481 ne
503 441 745 491 consumptis
767 440 911 479 viribus
938 440 1309 490 appropinquarent,
1332 454 1483 490 parvo--

106 523 122 554 5
144 522 220 558 que
254 507 472 546 intermisso
506 505 691 556 temporis
726 505 852 555 spatio
890 518 936 542 ac
971 518 1098 542 rursus
1133 512 1319 543 renovato
1350 518 1464 543 cursu

144 574 221 624 pila
252 573 437 611 miserunt
468 571 731 621 celeriterque,
765 578 807 608 ut
839 578 919 608 erat
950 577 1202 620 praeceptum
1231 583 1254 607 a
1284 571 1461 616 Caesare,

142 638 291 688 gladios
330 637 572 675 strinxerunt.
633 637 774 685 Neque
802 648 894 673 vero
925 634 1156 684 Pompeiani
1190 633 1280 671 huic
1314 634 1366 672 rei
1401 636 1464 672 de·
1488 647 1500 667 ε

143 704 304 741 fuerunt.
366 703 468 739 Nam
497 708 535 739 et
564 702 640 738 tela
669 699 788 737 missa
817 706 1052 749 exceperunt
1080 708 1118 736 et
1138 698 1328 748 impetum
1350 698 1464 748 legio-

143 781 235 805 num
270 768 439 804 tulerunt
473 772 510 803 et
544 764 700 803 ordines
732 771 1010 802 conservarunt
1049 763 1215 812 pilisque
1254 762 1379 801 missis
1413 764 1463 801 ad

86 846 123 868 10
141 830 289 881 gladios
328 830 532 868 redierunt.
612 830 765 867 Eodem
811 836 987 878 tempore
1029 828 1179 877 equites
1216 828 1267 865 ab
1309 827 1463 866 sinistro
1486 837 1502 867 3

144 894 305 944 Pompei
326 908 457 940 cornu,
482 901 523 931 ut
553 901 632 931 erat
662 892 906 943 imperatum,
931 892 1099 930 universi
1127 900 1460 941 procucurrerunt,

141 959 346 1008 omnisque
378 957 588 996 multitudo
627 957 910 1007 sagittariorum
950 970 990 995 se
1028 956 1210 1006 profudit.
1282 958 1461 1004 Quorum
1483 966 1502 994 4

142 1023 330 1073 impetum
352 1030 483 1060 noster
503 1022 698 1071 equitatus
720 1035 799 1059 non
821 1021 908 1059 tulit
929 1022 998 1059 sed
1019 1021 1205 1070 paulatim
1223 1022 1311 1059 loco
1333 1028 1462 1059 motus

142 1087 265 1133 cessit,
290 1087 518 1136 equitesque
540 1085 703 1135 Pompei
730 1087 806 1124 hoc
832 1085 958 1123 acrius
979 1085 1121 1123 instare
1145 1092 1183 1123 et
1203 1098 1244 1122 se
1265 1084 1462 1122 turmatim

85 1167 120 1198 15
142 1150 331 1201 explicare
359 1150 563 1200 aciemque
590 1157 762 1188 nostram
789 1163 812 1187 a
842 1151 959 1188 latere
985 1157 1119 1199 aperto
1147 1148 1349 1187 circumire
1378 1162 1464 1187 coe-

141 1224 288 1266 perunt.
349 1216 469 1264 Quod
498 1214 565 1253 ubi
587 1216 731 1254 Caesar
759 1214 935 1252 animum
965 1213 1140 1260 advertit,
1164 1221 1323 1263 quartae
1352 1213 1459 1259 aciei,
1484 1223 1499 1253 5

140 1294 257 1330 quam
295 1280 511 1318 instituerat
545 1284 616 1321 †ex
647 1279 867 1318 cohortium
907 1283 1106 1325 numero†,
1147 1278 1257 1317 dedit
1295 1278 1459 1328 signum.

142 1346 235 1383 Illae
265 1344 437 1383 celeriter
466 1352 790 1395 procucurrerunt
819 1344 1048 1394 infestisque
1079 1343 1196 1393 signis
1227 1350 1333 1381 tanta
1359 1342 1394 1380 vi
1423 1342 1461 1380 in
1482 1345 1500 1376 6

142 1409 303 1459 Pompei
333 1409 482 1458 equites
512 1408 702 1459 impetum
742 1410 917 1447 fecerunt
950 1416 991 1446 ut
1024 1421 1159 1446 eorum
1190 1421 1308 1446 nemo
1339 1407 1462 1445 consi-

82 1490 121 1512 20
140 1481 255 1512 steret
283 1487 499 1523 omnesque
526 1473 702 1512 conversi
734 1486 813 1511 non
845 1474 973 1511 solum
1005 1474 1093 1510 loco
1121 1473 1362 1518 excederent,
1393 1472 1462 1510 sed

140 1538 314 1587 protinus
348 1538 495 1576 incitati
524 1539 614 1587 fuga
648 1537 791 1576 montis
821 1537 1029 1575 altissimos
1059 1543 1245 1586 peterent.
1306 1535 1461 1584 Quibus
1486 1545 1500 1578 7

140 1603 343 1642 summotis
375 1617 512 1642 omnes
547 1602 730 1653 sagittarii
764 1602 1060 1652 funditoresque
1090 1601 1265 1641 destituti
1294 1601 1461 1639 inermes

140 1667 223 1706 sine
260 1667 454 1718 praesidio
493 1667 683 1706 interfecti
729 1674 828 1705 sunt.
900 1668 1053 1705 Eodem
1093 1666 1242 1716 impetu
1281 1667 1499 1704 cohortesS

141 1732 337 1770 sinistrum
364 1746 485 1770 cornu
512 1732 777 1782 pugnantibus
807 1731 923 1770 etiam
951 1739 1034 1769 turn
1061 1744 1107 1769 ac
1133 1730 1400 1769 resistentibus
1421 1729 1459 1767 in

83 1812 120 1844 ²5
140 1797 223 1835 acie
245 1797 493 1847 Pompeianis
514 1796 788 1835 circumierunt
808 1810 954 1846 eosque
974 1810 996 1834 a
1017 1804 1124 1845 tergo
1144 1803 1234 1834 sunt
1253 1795 1389 1834 adorti.

195 1864 349 1901 Eodem
370 1870 545 1912 tempore
566 1862 717 1900 tertiam
741 1862 865 1900 aciem
887 1863 1040 1908 Caesar,
1065 1875 1164 1911 quae
1185 1860 1316 1910 quieta
1336 1862 1458 1900 suerat
1479 1866 1534 1903 94

139 1934 177 1964 et
206 1939 246 1965 se
276 1928 327 1965 ad
360 1926 400 1965 id
430 1934 583 1977 tempus
621 1928 710 1965 loco
743 1934 929 1973 tenuerat,
962 1939 1186 1976 procurrere
1220 1925 1338 1964 iussit.
1400 1927 1461 1963 Ita
1483 1938 1497 1958 2

139 2005 229 2030 cum
250 1999 424 2030 recentes
444 1999 562 2042 atque
582 1991 720 2042 integri
746 1991 908 2031 defessis
933 1991 1221 2038 successissent,
1244 1990 1308 2029 alii
1328 1997 1459 2028 autem

138 2070 161 2094 a
198 2064 305 2107 tergo
342 2056 595 2103 adorirentur,
635 2055 824 2095 sustinere
863 2055 1094 2106 Pompeiani
1132 2069 1212 2094 non
1250 2062 1461 2105 potuerunt

82 2135 123 2166 30
139 2128 255 2170 atque
300 2120 467 2159 universi
512 2128 616 2171 terga
657 2128 863 2159 verterunt.
942 2122 1082 2170 Neque
1121 2133 1211 2159 vero
1251 2121 1459 2158 Caesarem
1483 2128 1500 2159 3

140 2184 272 2223 fefellit
306 2184 400 2234 quin
433 2185 483 2222 ab
518 2185 572 2223 eis
604 2185 830 2223 cohortibus
870 2198 971 2234 quae
1005 2192 1140 2223 contra
1174 2184 1390 2234 equitatum
1422 2183 1459 2221 in

187 2297 223 2326 13
248 2287 405 2326 paulatim
422 2287 468 2317 E:
496 2287 649 2327 paulasm
665 2287 718 2319 D:
746 2288 879 2327 paulum
900 2287 975 2317 L'V
1104 2298 1139 2326 17
1165 2298 1207 2318 ex
1226 2287 1310 2317 codd.
1331 2297 1460 2317 omncs:

140 2341 201 2360 sex
223 2330 360 2361 Ursinus
471 2331 667 2362 cohortibus
683 2332 778 2361 dedit
801 2331 839 2360 T'
959 2341 998 2369 :27
1026 2340 1227 2369 procurrere
1245 2341 1278 2361 r:
1305 2340 1460 2369 praecur-

142 2384 216 2404 rere
230 2373 266 2403 X
366 2385 407 2412 29
431 2375 662 2415 adorirentur]
680 2375 903 2405 adorerentur
921 2373 1011 2404 L¹F1
1131 2384 1173 2412 30
1199 2374 1317 2412 Neque
1336 2397 1341 2403 .
1361 2398 1366 2404 .
1388 2398 1392 2403 .
1414 2376 1461 2411 §4

141 2416 263 2448 sactum
280 2416 335 2448 dsl.
357 2417 485 2455 Bentley
