1705 2729
576 148 807 185 INCERTI
841 147 1121 185 AVCTORIS

187 274 267 299 non
298 260 474 306 occurrit,
497 261 605 309 quod
635 258 771 296 itinere
802 258 967 296 terrestri
998 271 1064 307 per
1095 257 1240 306 Syriam
1272 265 1351 295 erat
1381 257 1507 295 missa.

147 325 376 375 4Adiungit
412 326 484 363 Cn.
520 323 717 362 Domitius
751 323 893 373 legioni
924 334 1068 360 xxxvl.
1101 323 1198 360 duas
1229 322 1278 360 ab
1312 321 1508 368 Deiotaro,

186 403 283 439 quas
314 389 376 427 ille
400 389 607 438 disciplina
633 396 751 437 atque
777 395 971 426 armatura
995 394 1126 425 nostra
1150 386 1360 436 compluris
1387 399 1512 425 annos

186 454 417 492 constitutas
431 454 613 499 habebat,
629 452 860 502 equitesque
876 464 909 499 C,
926 451 1171 501 totidemque
1187 452 1236 490 ab
1250 451 1512 490 Ariobarzane

147 528 164 559 5
186 518 314 557 sumit.
376 518 499 556 Mittit
530 520 567 555 P.
591 517 760 556 Sestium
785 518 836 555 ad
862 518 905 556 C.
932 516 1166 554 Plaetorium
1189 524 1447 565 quaestorem,
1470 523 1512 554 ut
1532 527 1549 558 5

186 583 379 633 legionem
406 584 619 621 adduceret
639 596 740 632 quae
767 595 813 620 ex
834 580 1094 619 tumultuariis
1115 580 1302 619 militibus
1323 580 1363 618 in
1386 582 1513 619 Ponto

186 649 365 686 confecta
385 655 476 694 erat,
507 647 781 696 Quintumque
811 645 998 684 Patisium
1025 646 1062 683 in
1090 645 1269 684 Ciliciam
1296 646 1346 683 ad
1373 644 1513 683 auxilia

185 713 426 750 arcessenda.
498 714 610 760 Quae
648 711 785 761 copiae
828 710 1002 749 celeriter
1039 724 1177 749 omnes
1216 710 1321 749 iussu
1363 709 1511 748 Domiti

187 778 366 815 Comana
394 784 672 815 convenerunt.

116 845 165 883 35
241 841 402 879 Interim
424 841 537 891 legati
558 855 580 878 a
602 842 802 879 Pharnace
822 854 1009 890 responsa
1028 842 1197 879 referunt
1217 857 1223 879 z
1258 840 1512 890 Cappadocia
1533 852 1571 873 10

187 918 227 944 se
257 905 480 951 decessisse,
503 904 731 942 Armeniam
759 904 951 942 minorem
978 905 1180 955 recepisse,
1207 919 1325 954 quam
1351 912 1513 954 paterno

186 970 347 1009 nomine
378 969 459 1007 iure
489 969 665 1007 obtinere
695 970 866 1007 deberet.
928 969 1111 1019 Denique
1145 969 1228 1007 eius
1260 969 1367 1019 regni
1398 981 1514 1007 causa

187 1035 335 1085 integra
357 1033 513 1073 Caesari
535 1040 747 1072 servaretur
766 1048 772 1071 :
803 1040 981 1083 paratum
1005 1033 1111 1072 enim
1136 1047 1177 1072 se
1207 1035 1332 1072 facere
1354 1034 1462 1083 quod
1482 1032 1514 1070 is

149 1116 165 1137 2
187 1099 394 1138 statuisset.
454 1100 526 1137 Cn.
552 1098 751 1136 Domitius
780 1112 870 1136 cum
897 1098 1222 1137 animadverteret
1252 1112 1342 1137 eum
1364 1099 1515 1148 Cappa-

188 1164 303 1203 docia
332 1162 546 1202 decessisse
577 1177 658 1201 non
689 1164 890 1201 voluntate
923 1164 1139 1202 adductum
1171 1165 1240 1202 sed
1270 1163 1512 1209 necessitate,
1537 1175 1573 1207 15

187 1229 296 1278 quod
330 1227 480 1266 facilius
514 1227 741 1266 Armeniam
776 1228 987 1266 defendere
1018 1235 1150 1278 posset
1188 1228 1404 1267 subiectam
1444 1240 1515 1266 suo

187 1306 307 1342 regno
327 1305 445 1342 quam
468 1291 764 1342 Cappadociam
784 1291 938 1341 longius
958 1300 1159 1340 remotam,
1179 1294 1366 1343 quodque
1387 1292 1515 1331 omnis

188 1356 254 1395 tris
292 1356 465 1406 legiones
503 1357 766 1395 adducturum
800 1357 1020 1395 Domitium
1060 1365 1244 1407 putasset,
1287 1371 1333 1396 ex
1371 1357 1515 1407 quibus

188 1434 278 1459 cum
310 1421 407 1459 duas
438 1421 489 1458 ad
521 1421 729 1459 Caesarem
761 1421 898 1459 missas
928 1422 1111 1469 audisset,
1147 1422 1335 1461 audacius
1369 1422 1409 1460 in
1447 1424 1516 1460 Ar-

189 1485 319 1523 menia
348 1484 576 1532 substitisse,
609 1499 852 1535 perseverare
883 1487 1024 1537 coepit,
1056 1495 1098 1525 ut
1129 1501 1177 1526 eo
1207 1501 1366 1538 quoque
1395 1500 1515 1538 regno
1536 1497 1576 1519 20

188 1550 396 1588 decederet
411 1563 421 1596 3
463 1563 592 1599 neque
621 1549 725 1588 enim
755 1550 861 1588 aliud
891 1550 950 1589 ius
979 1565 1064 1590 esse
1094 1553 1370 1602 Cappadociae
1398 1560 1516 1602 atque

190 1614 410 1660 Armeniae,
427 1627 500 1652 nec
520 1614 620 1652 iuste
640 1628 729 1652 eum
751 1617 947 1665 postulare
976 1624 1018 1654 ut
1044 1616 1083 1655 in
1106 1617 1282 1657 Caesaris
1302 1619 1516 1656 adventum

190 1691 249 1716 res
288 1678 437 1728 integra
474 1678 716 1726 differretur3
764 1679 804 1718 id
838 1680 944 1718 enim
979 1695 1063 1720 esse
1097 1682 1290 1733 integrum
1325 1683 1434 1732 quod
1464 1682 1517 1720 ita

153 1758 172 1789 3
190 1750 291 1781 esset
324 1750 367 1781 ut
396 1743 540 1781 fuisset.
601 1744 677 1782 His
710 1745 906 1794 responsis
933 1746 1034 1784 datis
1068 1761 1158 1786 cum
1185 1747 1240 1786 eis
1267 1747 1390 1798 copiis
1420 1761 1516 1797 quas

190 1821 305 1858 supra
326 1808 459 1858 scripsi
480 1810 675 1858 profectus
689 1816 746 1848 est
762 1810 801 1847 in
818 1811 1045 1850 Armeniam
1059 1812 1233 1862 locisque
1254 1812 1517 1863 superioribus
1537 1819 1576 1851 25

190 1873 260 1911 iter
280 1875 405 1911 facere
426 1873 591 1911 instituit
612 1889 618 1911 :
640 1888 730 1912 nam
752 1889 797 1914 ex
819 1878 947 1915 Ponto
963 1891 985 1915 a
1007 1877 1195 1916 Comanis
1216 1877 1350 1928 iugum
1367 1877 1516 1916 editum

190 1937 362 1976 silvestre
392 1945 460 1985 est,
484 1938 681 1988 pertinens
711 1940 751 1978 in
776 1942 1004 1980 Armeniam
1035 1942 1238 1989 minorem,
1262 1955 1342 1991 quo
1367 1943 1517 1992 Cappa-

190 2001 305 2040 docia
339 2002 471 2040 finitur
503 2004 553 2041 ab
586 2006 774 2044 Armenia
791 2021 800 2053 ,-
840 2007 950 2045 cuius
982 2006 1128 2045 itineris
1162 2008 1232 2045 has
1270 2020 1355 2045 esse
1393 2014 1516 2044 certas

190 2067 501 2116 opportunitates
531 2071 635 2116 vadit,
668 2072 776 2120 quod
806 2071 845 2108 in
875 2071 970 2109 locis
1000 2071 1264 2120 superioribus
1293 2072 1422 2109 nullus
1449 2070 1516 2108 im-

191 2138 303 2180 petus
324 2133 549 2182 repentinus
574 2135 751 2173 accidere
776 2135 948 2173 hostium
973 2142 1135 2185 poterat,
1164 2142 1202 2173 et
1229 2137 1337 2185 quod
1366 2136 1516 2185 Cappa-
1535 2143 1577 2174 30

239 2245 275 2273 14
301 2237 360 2267 Cn.
378 2242 425 2267 A:
453 2237 542 2268 P.«X
630 2248 667 2277 15
692 2239 871 2269 abductum
888 2238 962 2268 D'L
972 2239 1008 2269 T'
1096 2249 1138 2269 20
1160 2239 1350 2269 substitisse
1363 2238 1516 2278 Bentley:

191 2277 396 2319 substitisset
414 2286 447 2311 et
467 2281 510 2310 T:
537 2281 740 2312 substitisset
758 2287 791 2311 et
808 2281 889 2311 EV:
918 2282 1123 2312 substitisset
1141 2281 1217 2312 DL'
1305 2292 1345 2320 27
1364 2282 1518 2312 silvestre

192 2326 244 2351 est
267 2323 401 2353 Aldus:
438 2324 592 2354 silvestre
617 2327 658 2358 B:
694 2325 883 2355 silvestrem
908 2325 943 2354 D
1072 2327 1115 2355 28
1140 2326 1203 2355 hae
1231 2330 1327 2356 erant
1351 2331 1464 2355 certae
1488 2325 1522 2355 E

192 2370 304 2396 certas
320 2365 372 2396 X:
400 2367 559 2397 cernebat
578 2367 695 2397 Dinter
824 2379 865 2406 29
889 2368 972 2398 vidit
989 2368 1062 2399 add.
1083 2368 1339 2399 Forclzlmmmer
