1705 2729
463 139 536 176 DE
568 138 747 175 BELLO
779 137 956 175 CIVILI
989 137 1090 173 LIB.
1126 137 1190 173 ΙΙΙ

167 259 204 290 et
242 250 337 302 quid
375 256 477 288 esset
515 262 606 287 suae
645 247 853 286 voluntatis
892 247 1126 285 ostenderet.
1187 248 1223 283 A
1262 259 1341 295 quo
1383 245 1528 284 missi4

168 314 418 354 Dioscorides
453 321 491 352 et
523 312 720 362 Serapion,
758 311 823 361 qui
858 312 976 349 ambo
1008 310 1122 360 legati
1155 312 1308 348 Romae
1341 311 1491 348 fuerant

167 392 427 429 magnamque
447 379 553 428 apud
574 384 723 427 patrem
747 377 1019 414 Ptolomaeum
1047 374 1319 413 auctoritatem
1347 374 1491 412 habue-

166 451 260 490 rant,
290 445 341 482 ad
368 441 563 480 Achillam
594 448 862 491 pervenerunt.
923 441 1035 488 Quos
1059 439 1133 486 ille,
1157 452 1248 477 cum
1269 438 1308 476 in
1329 451 1490 488 conspe-
1510 452 1527 483 5

130 518 146 550 5
167 515 273 546 etum
295 507 377 545 eius
398 506 607 553 venissent,
634 505 738 556 prius
763 518 881 555 quam
906 504 1058 543 audiret
1082 511 1148 542 aut
1169 503 1279 541 cuius
1301 502 1353 541 rei
1375 515 1491 540 causa

168 571 274 609 missi
316 578 446 609 essent
489 576 751 619 cognosceret,
798 568 937 618 corripi
983 576 1101 618 atque
1150 567 1314 606 interfici
1360 566 1469 604 iussit
1485 580 1494 613 3

167 648 333 685 quorum
354 636 450 673 alter
469 641 632 684 accepto
652 635 811 672 vulnere
832 640 1046 682 occupatus
1068 646 1136 682 per
1156 645 1247 670 suos
1272 645 1341 681 pro
1362 630 1494 669 occiso

169 700 354 745 sublatus,
377 700 473 737 alter
500 698 724 736 interfectus
753 705 820 736 est.
881 698 973 745 Quo
1001 697 1116 743 facto,
1140 709 1270 745 regem
1291 703 1333 733 ut
1360 695 1399 732 in
1427 708 1495 732 sua
1514 700 1533 729 6

169 770 361 814 potestate
387 763 548 801 haberet
569 764 713 801 Caesar
738 761 864 808 efficit,
889 773 1151 810 magnamque
1176 759 1324 810 regium
1349 772 1494 797 nomen

112 838 151 862 10
168 829 274 877 apud
313 840 403 865 suos
435 826 713 865 'auctoritatem
758 826 903 863 habere
942 824 1166 863 existimans
1205 832 1243 862 et
1282 832 1323 861 ut
1366 822 1495 873 potius

168 891 317 940 privato
348 904 563 940 paucorum
598 897 635 928 et
664 891 859 928 latronum
889 902 1008 939 quam
1039 888 1144 939 regio
1175 887 1339 926 consilio
1371 900 1496 925 susce-

168 962 280 1005 ptum
301 955 448 994 bellum
468 954 671 993 videretur.

225 1021 346 1057 Erant
377 1032 467 1057 cum
499 1018 653 1057 Achilla
685 1031 747 1056 eae
776 1018 912 1068 copiae
942 1024 984 1056 ut
1014 1031 1143 1067 neque
1172 1030 1337 1054 numero
1367 1029 1496 1065 neque
1515 1025 1580 1052 110

171 1096 311 1133 genere
349 1082 556 1121 hominum
595 1096 724 1132 neque
763 1096 836 1120 usu
875 1082 929 1120 rei
968 1081 1141 1119 militaris
1181 1080 1496 1119 contemnendae

114 1158 151 1190 15
172 1147 403 1186 viderentur.
465 1146 577 1184 Milia
603 1146 707 1185 enim
735 1158 793 1183 xx
820 1146 859 1183 in
886 1146 1002 1184 armis
1024 1146 1205 1183 habebat.
1268 1146 1381 1182 Haec
1408 1157 1498 1182 con·
1519 1159 1533 1179 2

172 1212 328 1250 stabant
357 1224 403 1249 ex
432 1210 662 1249 Gabinianis
690 1210 888 1257 militibus,
913 1209 979 1259 qui
1004 1209 1080 1247 iam
1105 1209 1145 1246 in
1169 1207 1497 1247 consuetudinem

172 1275 459 1314 Alexandrinae
486 1275 587 1314 vitae
613 1288 658 1313 ac
683 1274 862 1313 licentiae
883 1281 1069 1313 venerant
1094 1281 1132 1312 et
1161 1286 1307 1311 nomen
1332 1271 1498 1322 discipli-

172 1353 343 1390 namque
372 1339 507 1390 populi
544 1339 715 1378 Romani
745 1338 1016 1378 dedidicerant
1046 1351 1264 1387 uxoresque
1294 1338 1494 1382 duxerant,

173 1419 219 1444 ex
256 1404 399 1455 quibus
438 1403 611 1454 plerique
650 1403 792 1442 liberos
831 1403 1041 1441 habebant.
1122 1404 1216 1439 Huc
1254 1401 1497 1439 accedebant
1518 1413 1535 1443 3

115 1482 156 1505 20
173 1468 326 1508 collecti
365 1482 410 1507 ex
448 1467 712 1518 praedonibus
752 1465 1047 1516 latronibusque
1088 1466 1218 1515 Syriae
1259 1464 1498 1514 Ciliciaeque

174 1533 395 1584 provinciae
415 1532 745 1582 finitimarumque
766 1531 967 1581 regionum
979 1546 989 1579 3
1017 1530 1127 1569 multi
1149 1538 1347 1580 praeterea
1363 1529 1498 1578 capitis

173 1597 347 1636 damnati
369 1598 598 1646 exsulesque
619 1603 892 1634 convenerant.
946 1594 1132 1644 Fugitivis
1154 1594 1337 1632 omnibus
1358 1593 1499 1631 nostris
1519 1606 1537 1634 4

174 1669 301 1700 certus
335 1669 416 1699 erat
447 1660 705 1699 Alexandriae
736 1667 915 1709 receptus
951 1667 1134 1709 certaque
1169 1658 1270 1696 vitae
1305 1657 1497 1704 condicio,

176 1733 218 1764 ut
249 1727 342 1764 dato
377 1725 537 1763 nomine
568 1724 735 1762 militum
765 1731 895 1762 essent
926 1736 1090 1762 numero
1105 1738 1115 1771 3
1155 1735 1322 1772 quorum
1353 1722 1383 1760 si
1414 1721 1499 1771 quis

118 1803 157 1836 25
177 1804 199 1828 a
219 1789 382 1828 domino
409 1790 724 1839 prehenderetur,
754 1801 949 1827 consensu
978 1787 1146 1825 militum
1170 1786 1404 1837 eripiebatur
1433 1785 1499 1834 qui

177 1854 255 1892 vim
276 1867 445 1900 suorum,
469 1855 578 1903 quod
604 1853 643 1891 in
665 1853 779 1891 simili
808 1855 923 1902 culpa
944 1853 1205 1898 versabantur,
1230 1850 1302 1901 ipsi
1330 1863 1399 1900 pro
1429 1863 1499 1887 suo

177 1918 350 1969 periculo
371 1918 647 1956 defendebant.
710 1917 765 1955 Hi
793 1930 925 1966 regum
947 1916 1094 1955 amicos
1115 1917 1166 1955 ad
1196 1922 1362 1954 mortem
1383 1916 1500 1964 depo·
1520 1925 1538 1956 5

178 1996 293 2029 scere,
317 1982 357 2019 hi
383 1982 489 2020 bona
512 1983 752 2031 locupletum
782 1981 957 2031 diripere,
991 1980 1162 2031 stipendi
1189 1978 1358 2029 augendi
1384 1991 1500 2016 causa

179 2047 275 2096 regis
296 2048 460 2085 domurn
487 2046 678 2093 obsidere,
691 2059 820 2095 regno
842 2047 1033 2095 expellere
1053 2045 1161 2092 alios,
1192 2043 1289 2083 alios
1309 2055 1501 2081 arcessere

120 2124 162 2155 30
179 2119 307 2149 vetere
336 2111 509 2160 quodam
539 2109 792 2148 Alexandrini
822 2109 1011 2147 exercitus
1044 2109 1223 2147 instituto
1254 2113 1498 2146 consuerant.

181 2177 300 2213 Erant
338 2182 536 2225 praeterea
580 2174 757 2224 equitum
801 2174 905 2212 milia
943 2175 1034 2212 duo.
1110 2175 1424 2211 Inveteraverant
1463 2169 1540 2207 hic,

223 2288 242 2315 5
268 2278 398 2308 audiret
423 2276 487 2307 D':
523 2278 629 2308 adiret
659 2277 787 2307 LUT':
820 2287 885 2307 om.
912 2276 944 2306 F
1084 2286 1121 2315 13
1146 2276 1280 2307 Achilla
1309 2286 1370 2306 eae
1394 2274 1503 2304 Paul:

180 2320 335 2350 Achillae
351 2319 482 2352 DUT‘:
509 2320 641 2350 Achilla
658 2324 723 2351 cett.
862 2321 899 2350 18
924 2319 1158 2350 dedidicerant
1173 2319 1218 2349 L2
1234 2331 1240 2349 :
1267 2319 1454 2349 didicerant
1470 2316 1509 2346 X

182 2373 220 2400 24
246 2368 359 2392 essent
377 2374 412 2392 r:
437 2368 527 2393 esset
546 2381 551 2397 χ
561 2373 636 2393 esse
657 2363 709 2402 U'j,
729 2361 765 2392 X
895 2373 934 2401 27
960 2372 1076 2401 regum
1096 2362 1159 2393 L²:
1186 2372 1297 2392 rerum
1314 2361 1349 2390 X
1462 2362 1503 2390 28

181 2406 338 2443 stipendii
363 2405 398 2435 T'
413 2416 419 2435 :
444 2406 614 2444 stipendia
629 2404 717 2435 D'L‘
851 2416 891 2444 29
915 2406 998 2436 alios
1015 2406 1098 2436 alios
1115 2405 1161 2436 E:
1187 2405 1269 2434 alios
1285 2403 1343 2438 De
