1705 2729
586 163 719 201 INCE
730 164 821 200 R'l'I
852 163 1133 201 AVCI‘ORIS

199 274 359 312 minime
393 274 553 324 copiosa
586 275 635 313 ad
670 274 858 312 exercitus
889 275 1052 312 alendos
1081 282 1119 312 et
1148 273 1315 312 finitimo
1346 275 1448 315 bello
1477 287 1522 311 ac

199 339 509 378 dissensionibus
536 340 715 377 confecta
742 348 779 377 et
808 346 966 386 vastata,
990 346 1120 377 tamen
1150 338 1357 389 prudentia
1375 352 1421 376 ac
1441 337 1523 376 dili-

199 403 329 454 gentia
349 417 428 450 sua,
451 405 559 454 quod
581 417 762 454 magnam
790 418 921 442 curam
950 403 1186 453 suscipiebat
1210 417 1259 441 ne
1279 416 1358 453 quo
1379 410 1523 440 temere

162 479 179 510 3
200 469 503 518 progrederetur,
536 476 574 506 et
603 467 749 517 recepit
778 476 816 506 et
845 467 1032 506 defendit.
1093 469 1277 516 Namque
1303 474 1341 505 et
1368 467 1525 504 castella

200 534 402 582 complura
421 532 516 570 locis
537 532 651 571 editis
668 532 804 582 posita,
824 545 991 582 quorum
1008 531 1278 582 opportunitas
1294 532 1525 569 castellanos
1543 537 1560 568 5

201 596 426 646 impellebat
446 598 496 635 ad
518 596 769 635 decursiones
793 596 992 634 faciendas
1021 603 1060 634 et
1089 596 1235 633 bellum
1265 594 1522 640 inferendum,

201 660 434 711 expugnavit
473 675 597 711 eaque
636 662 780 710 praeda
814 660 956 698 milites
990 659 1161 706 donavit,
1197 673 1298 709 quae
1336 659 1407 698 etsi
1446 666 1525 697 erat

201 725 338 772 tenuis,
371 733 502 763 tamen
537 726 576 763 in
606 733 713 763 tanta
746 725 970 775 provinciae
999 723 1271 773 desperatione
1300 732 1380 761 erat
1407 731 1523 773 grata,

201 789 425 840 praesertim
452 790 592 828 virtute
618 797 737 839 parta,
761 797 798 828 et
819 803 909 827 cum
931 788 1118 827 Octavius
1140 802 1184 826 ex
1206 790 1295 838 fuga
1317 787 1526 826 Pharsalici

201 854 322 904 proeli
357 868 499 904 magna
533 857 655 893 classe
689 854 728 892 in
763 854 871 892 illum
902 867 942 892 se
973 854 1101 891 sinum
1131 853 1369 900 contulisset,
1392 852 1526 902 paucis
1547 868 1586 891 10

201 919 365 957 navibus
414 918 712 965 Iadertinorum,
753 931 921 967 quorum
953 930 1105 967 semper
1144 917 1183 954 in
1214 930 1293 954 rem
1329 916 1526 967 publicam

201 983 393 1033 singulare
422 983 647 1023 constiterat
678 983 861 1030 officium,
891 982 1074 1032 dispersis
1108 981 1333 1021 Octavianis
1363 981 1528 1019 navibus

202 1056 281 1086 erat
313 1048 470 1098 potitus,
494 1056 535 1086 ut
555 1050 615 1087 vel
643 1049 765 1086 classe
792 1047 978 1086 dimicare
999 1055 1131 1097 posset
1151 1045 1345 1085 adiunctis
1366 1045 1528 1096 captivis

161 1126 180 1155 4
202 1112 367 1151 navibus
388 1112 594 1151 sociorum.
655 1114 757 1152 Cum
788 1111 1050 1150 diversissima
1079 1119 1187 1162 parte
1213 1110 1318 1149 orbis
1343 1118 1527 1149 terrarum

204 1179 275 1217 Cn.
294 1177 526 1227 Pompeium
545 1178 688 1217 Caesar
709 1177 831 1215 victor
847 1184 1072 1226 sequeretur
1088 1175 1377 1225 complurisque
1398 1176 1529 1214 adver·
1550 1185 1586 1217 15

203 1241 322 1280 sarios
352 1241 390 1279 in
422 1241 619 1290 Illyricum
650 1249 806 1291 propter
838 1239 1097 1279 Macedoniae
1127 1239 1458 1289 propinquitatem
1489 1253 1529 1278 se

203 1306 374 1356 reliquiis
422 1320 467 1344 ex
505 1307 596 1356 fuga
634 1305 807 1344 collectis
846 1304 1056 1343 contulisse
1095 1304 1256 1351 audiret,
1297 1304 1441 1342 litteras
1479 1304 1530 1342 ad

204 1370 418 1409 Gabinium
449 1370 577 1417 mittit,
609 1370 664 1408 uti
695 1384 784 1408 cum
815 1369 1034 1419 legionibus
1064 1369 1244 1415 tironum,
1277 1382 1377 1418 quae
1407 1382 1530 1418 nuper

203 1443 312 1474 erant
332 1435 586 1485 conscriptae,
609 1434 918 1484 proficisceretur
944 1433 983 1471 in
1012 1433 1210 1483 Illyricum
1231 1433 1530 1483 coniunctisque

203 1500 326 1550 copiis
365 1513 454 1538 cum
490 1501 539 1548 Q.
577 1499 800 1545 Cornificio,
837 1498 868 1536 si
907 1499 1015 1548 quod
1054 1498 1267 1548 periculum
1308 1497 1530 1548 provinciae
1552 1511 1590 1532 20

204 1565 415 1611 inferretur,
450 1566 685 1614 depelleret;
726 1564 784 1602 sin
816 1577 861 1601 ea
893 1577 973 1602 non
1004 1563 1153 1613 magnis
1183 1563 1306 1612 copiis
1336 1570 1418 1601 tuta
1446 1576 1530 1601 esse

165 1647 181 1677 5
204 1638 346 1680 posset,
370 1629 408 1666 in
433 1629 710 1667 Macedoniam
739 1628 911 1678 legiones
941 1629 1163 1666 adduceret.
1224 1629 1396 1666 Omnem
1425 1627 1530 1665 enim

204 1695 308 1732 illam
331 1701 479 1744 partem
500 1693 779 1744 regionemque
800 1692 888 1731 vivo
909 1694 981 1733 Cn.
1007 1692 1197 1743 Pompeio
1224 1693 1370 1731 bellum
1390 1692 1531 1730 instau-

205 1767 372 1798 raturam
394 1771 477 1796 esse
498 1759 692 1797 credebat.

131 1825 183 1862 43
260 1822 452 1862 Gabinius
473 1830 515 1861 ut
535 1823 575 1861 in
603 1823 800 1873 Illyricum
831 1825 936 1863 venit
966 1825 1131 1864 hiberno
1161 1832 1336 1874 tempore
1365 1821 1457 1861 armi
1486 1835 1531 1859 ac
1552 1833 1591 1865 25

203 1888 349 1928 difficili
373 1888 452 1926 sive
473 1884 732 1938 copiosiorem
755 1889 996 1940 provinciam
1018 1889 1243 1928 existimans
1264 1888 1344 1927 sive
1364 1888 1531 1925 multum

202 1955 380 1992 fortunae
402 1952 559 1991 victoris
577 1954 753 1993 Caesaris
770 1954 944 1993 tribuens
965 1954 1045 1993 sive
1065 1954 1204 1993 virtute
1225 1961 1263 1992 et
1283 1951 1444 1991 scientia
1465 1964 1533 1989 sua

203 2019 385 2064 confisus,
424 2031 501 2067 qua
541 2032 656 2069 saepe
695 2020 734 2058 in
774 2020 885 2059 bellis
924 2019 1162 2070 periclitatus
1200 2032 1360 2071 magnas
1398 2030 1457 2055 res
1495 2023 1533 2054 et

204 2083 396 2121 secundas
438 2085 559 2123 ductu
599 2099 775 2135 ausuque
814 2099 886 2124 suo
923 2092 1102 2135 gesserat,
1144 2097 1272 2134 neque
1310 2080 1532 2133 provinciae

204 2147 454 2187 facultatibus
478 2151 763 2197 sublevabatur,
787 2164 887 2200 quae
913 2149 1052 2200 partim
1078 2157 1157 2188 erat
1177 2147 1373 2187 exinanita
1392 2145 1532 2196 partim
1552 2159 1593 2190 30

205 2211 385 2260 infidelis,
412 2229 541 2265 neque
562 2215 726 2254 navibus
747 2215 958 2254 intercluso
987 2214 1083 2253 mari
1113 2212 1409 2264 tempestatibus
1429 2223 1534 2249 com-

251 2332 271 2360 9
295 2326 391 2360 parta
411 2322 437 2352 L
457 2333 563 2353 manu
582 2324 816 2353 resenas-sima:
843 2327 937 2361 parte
955 2320 992 2351 X
1098 2332 1134 2359 17
1161 2320 1325 2359 reliquiis]
1346 2318 1484 2359 reliquis
1500 2316 1538 2348 Χ

209 2366 393 2438 Ξοῃωίἰεεε
411 2371 451 2396 λ;
479 2367 681 2406 compulisse
699 2365 736 2396 X
904 2375 945 2404 29
968 2375 1050 2396 ausu
1069 2364 1174 2395 D'L':
1201 2364 1295 2395 ausio
1318 2363 1361 2394 T:
1387 2362 1536 2402 auspicio

241 2409 341 2450 ipsius
