1705 2729
464 139 537 175 DE
569 138 748 175 BELLO
779 138 956 175 CIVILI
988 138 1090 174 LIB.
1125 138 1189 174 III

167 248 313 297 legatus
327 247 393 297 qui
407 246 643 285 celeritatem
661 247 699 284 in
715 246 1024 296 transportandis
1040 246 1258 296 legionibus
1272 247 1486 286 adhiberet.

166 312 243 350 Sed
263 310 383 349 serius
403 325 426 349 a
446 318 545 349 terra
565 319 770 361 provectae
788 324 905 349 naves
927 324 1055 361 neque
1072 324 1164 349 usae
1186 319 1377 349 nocturna
1397 324 1490 349 aura

165 376 204 413 in
238 376 440 414 redeundo
473 376 729 414 offenderunt.
792 375 955 413 Bibulus
987 375 1092 413 enim
1125 376 1318 424 Corcyrae
1350 375 1489 413 certior
1509 387 1527 417 3

165 442 287 478 factus
308 441 358 478 de
377 441 548 478 adventu
566 439 743 479 Caesaris
764 453 923 489 sperans
943 439 1058 477 alicui
1079 453 1120 477 se
1140 439 1238 488 parti
1259 447 1487 478 onustarum

127 518 143 549 5
164 504 320 542 navium
341 518 541 542 occurrere
568 518 683 554 posse
711 504 892 542 inanibus
919 503 1085 542 occurrit
1113 511 1150 542 et
1178 511 1314 542 nactus
1339 503 1489 542 circiter

164 581 252 606 xxx
284 568 323 606 in
354 582 418 606 eas
450 568 716 618 indiligentiae
750 582 842 606 suae
873 582 918 606 ac
953 567 1098 606 doloris
1130 568 1331 606 iracundia
1362 567 1488 617 erupit

164 633 370 683 omnisque
417 633 591 671 incendit
635 634 856 682 eodemque
900 633 988 683 igne
1038 640 1176 670 nautas
1224 632 1487 682 dominosque

163 698 319 736 navium
358 697 549 736 interfecit
588 697 856 747 magnitudine
905 711 1057 748 poenae
1096 696 1265 747 reliquos
1305 696 1486 735 deterreri

162 776 329 812 sperans.
391 764 483 800 Hoc
504 764 684 800 confecto
705 762 862 811 negotio
883 775 905 799 a
926 762 1083 800 Sasonis
1107 762 1158 799 ad
1179 760 1310 800 Curici
1331 768 1485 810 portum
1507 774 1524 801 4

107 843 143 866 10
161 827 346 866 stationes
367 827 556 877 litoraque
583 827 716 865 omnia>
741 829 856 876 longe
883 828 1038 876 lateque
1063 826 1250 864 classibus
1281 824 1487 875 occupavit

161 891 427 941 custodiisque
447 891 669 941 diligentius
700 891 897 941 dispositis
923 891 1005 940 ipse
1034 890 1258 941 gravissima
1288 889 1417 928 hieme
1447 889 1485 927 in

160 956 323 995 navibus
353 957 548 995 excubans
577 969 706 1005 neque
735 957 856 993 ullum
888 955 1060 993 laborem
1090 962 1157 992 aut
1190 968 1332 992 munus
1362 953 1487 1003 despi-

160 1021 266 1059 ciens
288 1035 415 1071 neque
436 1021 654 1060 subsidium
672 1028 911 1070 exspectans,
932 1019 962 1058 si
984 1019 1022 1057 in
1040 1019 1216 1059 Caesaris
1233 1020 1484 1069 complexum

160 1084 291 1124 venire
311 1093 441 1135 posset
445 1116 607 1123 ......

104 1166 140 1198 15
216 1149 401 1188 Discessu
434 1150 693 1189 Liburnarum
725 1164 771 1188 ex
805 1149 959 1199 Illyrico
993 1151 1046 1186 M.
1086 1148 1272 1188 Octavius
1307 1162 1395 1186 cum
1429 1148 1482 1186 eis
1503 1155 1530 1191 9

160 1228 256 1264 quas
295 1215 465 1253 habebat
504 1214 668 1253 navibus
710 1215 872 1253 Salonas
912 1212 1096 1263 pervenit.
1176 1212 1238 1250 Ibi
1278 1212 1482 1250 concitatis

161 1278 352 1317 Dalmatis
385 1279 620 1329 reliquisque
659 1278 831 1317 barbaris
873 1279 997 1316 Issam
1035 1291 1057 1315 a
1097 1276 1274 1316 Caesaris
1312 1276 1483 1314 amicitia

158 1343 318 1391 avertit3
366 1352 603 1383 conventum
643 1343 795 1381 Salonis
834 1356 925 1381 cum
968 1355 1096 1392 neque
1135 1341 1482 1392 pollicitationibus
1505 1352 1518 1372 2

160 1421 287 1458 neque
321 1408 618 1447 denuntiatione
650 1407 811 1458 periculi
845 1420 1072 1457 permovere
1112 1414 1254 1456 posset,
1290 1406 1481 1456 oppidum

101 1488 141 1511 20
159 1486 384 1523 oppugnare
410 1473 584 1511 instituit.
646 1474 715 1510 Est
741 1480 873 1510 autem
900 1471 1090 1521 oppidum
1120 1479 1158 1508 et
1184 1470 1260 1509 loci
1288 1478 1424 1508 natura
1445 1477 1483 1508 et

159 1539 258 1576 colle
278 1538 482 1576 munitum.
543 1539 620 1576 Sed
642 1537 816 1576 celeriter
836 1536 939 1575 cives
971 1535 1143 1574 Romani
1170 1534 1307 1585 ligneis
1334 1534 1481 1573 effectis
1503 1545 1520 1574 3

158 1602 326 1642 turribus
364 1603 424 1641 his
463 1616 547 1642 sese
586 1602 811 1640 munierunt
859 1609 907 1647 et,
948 1614 1038 1639 cum
1078 1608 1207 1638 essent
1247 1599 1389 1637 infirmi
1430 1600 1482 1638 ad

158 1667 416 1706 resistendum
444 1675 601 1717 propter
623 1666 861 1716 paucitatem
892 1665 1110 1711 hominum,
1138 1664 1282 1702 crebris
1311 1663 1480 1702 confecti

158 1732 381 1770 vulneribus
414 1733 465 1770 ad
495 1739 709 1770 extremum
739 1730 924 1769 auxilium
953 1730 1242 1768 descenderunt
1270 1742 1480 1778 servosque

101 1812 138 1843 25
158 1797 285 1835 omnis
306 1797 472 1847 puberes
493 1797 753 1835 liberaverunt
774 1804 811 1834 et
838 1795 1046 1846 praesectis
1067 1794 1246 1833 omnium
1273 1793 1479 1832 mulierum

156 1861 327 1900 crinibus
359 1869 552 1901 tormenta
590 1863 811 1900 effecerunt.
873 1862 1051 1909 Quorum
1093 1859 1248 1909 cognita
1286 1859 1517 1902 sententia4

156 1927 342 1966 Octavius
381 1926 509 1976 quinis
547 1926 680 1964 castris
719 1925 910 1976 oppidum
949 1923 1208 1963 circumdedit
1246 1931 1364 1973 atque
1399 1937 1479 1962 uno

157 1999 330 2042 tempore
357 1991 564 2030 obsidione
590 1998 627 2029 et
657 1989 1017 2041 oppugnationibus
1041 2003 1108 2028 eos
1137 2002 1313 2039 premere
1336 1988 1476 2038 coepit.

158 2056 219 2094 Illi
239 2056 371 2095 omnia
387 2056 535 2106 perpeti
555 2055 677 2106 parati
693 2055 860 2094 maxime
876 2069 898 2093 a
914 2069 953 2093 re
969 2053 1220 2092 frumentaria
1236 2054 1475 2092 laborabant.
1499 2064 1515 2094 5

100 2135 140 2165 30
158 2120 233 2160 Cui
253 2121 305 2159 rei
326 2120 452 2159 missis
471 2122 522 2159 ad
543 2122 751 2159 Caesarem
772 2120 906 2170 legatis
926 2119 1112 2158 auxilium
1134 2119 1185 2157 ab
1201 2132 1248 2157 eo
1269 2118 1455 2169 petebant
1470 2132 1479 2165 3

199 2226 219 2254 6
244 2224 471 2264 indiligentiae
488 2224 676 2264 Stephanus
691 2235 697 2255 :
722 2223 916 2263 diligentiae
933 2222 970 2252 X
1106 2223 1126 2252 8
1150 2221 1316 2252 deterreri
1334 2221 1478 2252 Holdcr:

156 2268 326 2299 deterrere
343 2267 402 2299 L':
425 2264 508 2298 {reri
531 2267 585 2297 T‘:
620 2278 683 2297 om.
701 2267 746 2297 D‘
898 2277 919 2305 9
943 2265 1055 2297 Curici
1073 2265 1281 2296 Mommsen:
1318 2265 1428 2295 Corici
1445 2264 1481 2295 X

160 2321 195 2349 17
222 2311 324 2342 Issam
341 2311 533 2342 Manutius:
569 2310 706 2341 Hissam
724 2310 760 2340 X
889 2320 927 2339 21
954 2309 1040 2339 colle
1058 2308 1114 2339 X:
1148 2318 1254 2347 opere
1273 2308 1476 2340 ciacconius:

155 2364 257 2393 opere
275 2365 391 2394 parum
405 2355 509 2392 Jurt'n
662 2364 702 2383 22
728 2354 779 2383 his
796 2355 838 2387 B:
864 2364 928 2383 0111.
949 2352 994 2381 D‘
1155 2362 1197 2390 30
1221 2351 1283 2382 Cui
1303 2352 1350 2381 rei
1369 2351 1478 2382 missis

155 2397 348 2437 Nipperdey:
374 2398 426 2428 cui
444 2398 542 2428 remis
558 2398 602 2428 sis
618 2397 652 2427 D
667 2408 672 2426 :
699 2396 760 2427 cui‘
780 2396 827 2427 rei
845 2396 952 2426 missis
969 2395 1020 2425 E:
1046 2394 1111 2433 Qui
1130 2395 1279 2425 remissis
1296 2396 1318 2428 β

1352 2447 1391 2476 13*
