1705 2729
610 126 653 164 C.
689 126 804 163 IVLI
836 126 1105 165 CAESARIS

196 236 352 273 cederet
373 235 557 285 temporis
580 236 655 273 lioc
677 248 794 273 omne
815 235 1015 274 victoriam
1039 236 1177 274 morari
1199 236 1402 276 videretur.
1464 239 1524 275 Ita

157 306 176 337 6
196 298 278 349 spei
309 299 491 339 Curionis
522 299 687 337 militum
719 299 848 338 studia
878 314 956 338 non
988 301 1157 339 deerant.
1221 301 1382 351 Equites
1413 302 1523 352 sequi

195 362 303 401 iubet
330 377 415 402 sese
442 363 591 414 iterque
620 365 820 411 accelerat,
845 372 886 402 ut
914 379 1031 414 quam
1062 365 1228 404 maxime
1255 381 1300 404 ex
1327 368 1416 417 fuga
1443 381 1524 418 per-

195 427 345 466 territos
372 428 513 467 adoriri
535 437 676 478 posset.
739 431 790 467 At
814 429 867 467 illi
895 429 1030 468 itinere
1056 429 1173 468 totius
1201 430 1327 469 noetis
1354 431 1522 471 confecti

195 492 381 542 subsequi
409 507 489 531 non
511 501 690 543 poterant
710 502 829 543 atque
852 493 915 532 alii
940 494 1016 532 alio
1043 496 1132 533 loco
1159 495 1400 534 resistebant.
1461 498 1523 535 Ne
1544 511 1559 540 5

195 557 291 595 haec
313 556 473 607 quidem
496 572 554 596 res
577 558 791 597 Curionem
811 559 862 597 ad
884 572 992 609 spem
1016 559 1249 598 morabatur.

118 629 174 667 40
251 622 351 660 Iuba
372 622 510 661 certior
531 624 655 661 factus
675 637 697 661 a
719 624 886 662 Saburra
906 625 956 662 de
981 632 1174 663 nocturno
1196 625 1344 675 proelio
1366 638 1394 663 11
1418 626 1522 665 milia

196 686 465 736 Hispanorum
507 695 544 726 et
584 689 786 726 Gallorum
826 688 1013 738 equitum,
1046 703 1145 739 quos
1189 703 1282 728 suae
1319 691 1522 730 custodiae

192 764 309 790 causa
325 751 471 790 circum
489 766 530 791 se
546 753 690 791 habere
707 761 925 801 consuerat,
943 761 980 792 et
997 754 1174 803 peditum
1189 768 1275 793 eam
1292 764 1441 805 partem
1459 755 1521 793 cui

192 816 358 855 maxime
389 818 615 856 confidebat
641 819 831 857 Saburrae
861 819 1067 857 summittit
1083 834 1092 866 3
1131 819 1213 869 ipse
1243 833 1333 858 cum
1363 820 1520 870 reliquis
1546 836 1580 857 10

154 894 168 914 2
190 880 313 931 copiis
353 882 651 932 elephantisque
692 895 744 920 Lx
783 883 924 921 lentius
963 884 1222 933 subsequitur.
1293 884 1520 934 Suspicatus

190 945 411 994 praemissis
433 946 630 996 equitibus
652 946 781 996 ipsum
806 948 940 986 adfore
963 947 1177 987 Curionem
1200 948 1367 987 Saburra
1387 948 1520 999 copias

188 1010 365 1060 equitum
394 1011 652 1061 peditumque
682 1012 835 1050 instruit
865 1020 982 1062 atque
1012 1012 1071 1050 his
1103 1012 1266 1062 imperat
1295 1021 1337 1051 ut
1367 1012 1520 1052 simula-

188 1075 294 1114 tione
316 1075 464 1115 timoris
485 1076 673 1126 paulatim
695 1078 837 1116 cedant
857 1091 903 1115 ac
924 1079 1066 1127 pedem
1090 1079 1255 1116 referant
1270 1093 1279 1125 3
1309 1091 1405 1125 sese,
1428 1092 1518 1117 cum

187 1154 286 1190 opus
317 1149 428 1187 esset,
455 1141 609 1191 signum
641 1141 761 1191 proeli
793 1143 975 1180 daturum
1006 1149 1042 1180 et
1073 1143 1181 1191 quod
1211 1155 1291 1181 rem
1322 1144 1518 1192 postulare
1541 1161 1577 1194 15

150 1216 167 1246 5
187 1206 434 1254 cognovisset
450 1205 741 1256 imperaturum.
793 1206 913 1245 Curio
929 1208 979 1245 ad
997 1206 1235 1257 superiorem
1258 1220 1367 1257 spem
1384 1207 1519 1246 addita

186 1270 400 1319 praesentis
422 1271 608 1321 temporis
636 1271 823 1320 opinione
851 1271 973 1310 hostis
1001 1273 1132 1321 fugere
1158 1271 1363 1310 arbitratus
1384 1272 1518 1322 copias

186 1348 231 1373 ex
253 1335 349 1373 locis
371 1335 634 1385 superioribus
657 1336 696 1373 in
718 1350 902 1386 campum
924 1336 1095 1375 deducit.

120 1405 165 1442 41
241 1399 396 1447 Quibus
426 1413 472 1438 ex
502 1400 597 1438 locis
628 1414 719 1438 cum
749 1401 902 1451 longius
937 1409 1039 1439 esset
1068 1415 1303 1451 progressus,
1333 1405 1516 1442 confecto

148 1477 163 1498 2
185 1462 261 1501 iam
289 1464 422 1502 labore
450 1464 619 1503 exercitu
651 1477 721 1502 ΧΠ
754 1465 904 1503 milium
933 1466 1057 1515 spatio
1085 1467 1268 1505 constitit.
1331 1469 1408 1506 Dat
1436 1468 1514 1507 suis
1536 1484 1577 1505 20

184 1527 338 1577 signum
362 1529 538 1576 Saburra,
563 1529 689 1568 aciem
711 1530 912 1569 constituit
933 1538 970 1568 et
991 1530 1194 1569 circumire
1219 1532 1376 1571 ordines
1397 1541 1515 1582 atque

183 1593 327 1631 hortari
357 1593 517 1644 incipit:
557 1596 626 1633 sed
656 1594 832 1645 peditatu
865 1597 1067 1634 dumtaxat
1097 1598 1232 1646 procul
1261 1599 1312 1636 ad
1342 1598 1514 1647 speciem

147 1668 162 1698 3,
183 1656 311 1704 utitur,
336 1658 486 1708 equites
510 1658 549 1696 in
574 1658 699 1698 aciem
721 1659 904 1698 immittit.
967 1662 1059 1699 Non
1081 1662 1192 1700 deest
1213 1662 1371 1711 negotio
1393 1663 1514 1702 Curio

182 1735 353 1772 suosque
374 1724 549 1761 hortatur
569 1731 611 1762 ut
638 1737 748 1774 spem
776 1738 935 1763 omnem
962 1725 1000 1763 in
1022 1725 1162 1764 virtute
1189 1734 1390 1776 reponant.
1451 1729 1514 1766 Ne

182 1786 369 1826 militibus
397 1787 568 1838 quidem,
593 1784 635 1827 ut
662 1789 835 1836 defessis,
862 1803 992 1839 neque
1020 1790 1229 1840 equitibuS,
1252 1799 1294 1829 ut
1314 1791 1448 1841 paucis
1475 1800 1513 1831 et
1535 1807 1572 1840 ²5

181 1852 314 1891 labore
341 1853 542 1900 confectis,
565 1854 739 1893 studium
769 1857 819 1893 ad
845 1857 1102 1905 pugnandum
1130 1856 1328 1906 virtusque
1355 1858 1488 1896 deerat
1503 1873 1512 1905 3

142 1929 162 1958 4
181 1918 250 1955 sed
275 1917 314 1955 hi
336 1926 444 1956 erant
464 1932 628 1957 numero
656 1931 718 1967 CC,
738 1919 876 1970 reliqui
902 1921 940 1958 in
969 1920 1105 1959 itinere
1133 1921 1394 1960 substiterant.
1455 1922 1511 1961 Hi

180 1995 472 2032 quamcumque
493 1983 531 2021 in
549 1992 697 2033 partem
720 1984 911 2034 impetum
932 1987 1103 2024 fecerant
1119 1985 1242 2023 hostis
1262 1987 1350 2024 loco
1371 1987 1511 2025 cedere

178 2046 382 2095 cogebant,
416 2048 486 2085 sed
516 2061 645 2098 neque
675 2049 828 2099 longius
862 2049 1043 2099 fugientis
1079 2049 1262 2099 prosequi
1293 2063 1366 2088 nec
1397 2052 1511 2089 vehe—

140 2121 157 2151 5
179 2110 348 2149 mentius
376 2125 498 2161 equos
526 2112 688 2151 incitare
714 2120 904 2163 poterant.
965 2116 1018 2151 At
1042 2113 1237 2163 equitatus
1265 2114 1437 2153 hostium
1458 2116 1508 2154 ab
1529 2129 1569 2160 30

178 2182 343 2225 utroque
364 2190 486 2215 cornu
509 2177 711 2216 circumire
735 2178 861 2217 aciem
882 2186 1055 2217 nostram
1079 2186 1116 2217 et
1136 2192 1290 2217 aversos
1312 2188 1507 2229 proterere

223 2288 235 2307 1
263 2278 434 2308 victoriam
454 2289 490 2308 r:
527 2278 668 2309 victoria
687 2278 724 2308 X
900 2290 933 2310 11
959 2284 1033 2321 post
1050 2281 1248 2320 Suspicatus
1265 2281 1340 2313 add.
1359 2293 1401 2312 ex
1418 2283 1510 2314 Paul

179 2331 216 2394 13
241 2321 416 2394 temporis]
437 2322 565 2353 timoris
590 2322 715 2353 Kilbler
817 2333 859 2354 20
884 2324 960 2365 xvr]
979 2334 1028 2354 ΧΠ
1046 2323 1161 2366 Stoffel
1285 2335 1323 2364 31
1352 2327 1505 2367 aversos]

175 2375 193 2394 a
220 2375 336 2395 versos
