1705 2729
441 166 515 201 DE
547 165 726 202 BELLO
757 165 966 203 AFRICO
998 166 1166 203 LIBER

140 290 325 327 passuum
352 290 475 326 usque
501 277 553 314 ad
577 277 716 314 collem
747 275 924 313 hostibus
945 275 1092 313 adactis
1123 289 1163 314 se
1187 278 1239 315 ad
1260 291 1350 315 suos
1371 278 1462 316 reci-

139 341 260 391 piunt.
307 342 450 380 Caesar
470 341 509 378 in
531 342 666 378 horam
683 352 722 377 x.
740 347 1014 386 commoratus,
1031 340 1130 378 sicut
1144 349 1223 378 erat
1239 341 1458 388 instructus,
1479 363 1498 394 9

139 419 179 443 se
212 407 262 443 ad
297 419 366 443 sua
395 413 520 443 castra
552 404 697 454 recepit
732 403 917 441 omnibus
956 404 1229 442 incolumibus.
1302 407 1349 443 In
1380 420 1459 455 quo
1483 421 1520 442 10

138 470 285 519 proelio
316 469 522 508 Pacideius
559 468 723 519 graviter
751 468 830 518 pilo
869 482 937 518 per
974 469 1167 507 cassidem
1207 478 1323 519 caput
1361 470 1459 508 ictus

99 545 116 575 5
137 536 436 584 compluresque
467 535 589 572 duces
620 547 665 571 ac
692 532 924 571 fortissimus
958 533 1125 583 quisque
1156 534 1347 572 interfecti
1384 537 1460 572 vul-

136 599 336 648 neratique
357 607 456 637 sunt.

190 666 403 713 Postquam
428 666 534 702 nulla
554 663 789 702 condicione
816 676 955 713 cogere
979 663 1219 701 adversarios
1246 672 1395 714 poterat
1418 673 1458 703 ut
1477 665 1530 705 79

135 728 174 766 in
213 742 382 778 aequum
425 731 556 767 locum
599 729 883 767 descenderent
925 728 1203 778 legionumque
1242 729 1457 778 periculum

134 794 315 840 facerent,
346 806 474 842 neque
500 793 583 843 ipse
609 792 768 843 propius
798 793 953 830 hostem
980 800 1103 830 castra
1130 806 1275 842 ponere
1302 801 1460 843 propter

78 870 117 892 10
134 871 259 906 aquae
285 857 487 907 penuriam
519 870 560 895 se
589 870 704 907 posse
733 856 1079 903 animadvertebat,
1108 857 1348 895 adversarios
1379 872 1458 896 non

133 922 273 960 virtute
293 935 428 960 eorum
449 923 648 960 confidere
669 923 739 960 sed
758 935 948 971 aquarum
970 921 1102 972 inopia
1124 924 1240 960 fretos
1258 922 1458 972 despicere

134 1000 175 1024 se
206 986 404 1033 intellexit,
436 999 476 1024 11.
506 988 609 1024 Non.
637 989 728 1036 Apr.
753 986 863 1025 tertia
890 987 1017 1037 vigilia
1048 1000 1223 1037 egressus
1255 989 1304 1026 ab
1328 991 1458 1038 Aggar

132 1063 202 1088 xvl
226 1051 331 1089 milia
360 1060 475 1090 nocte
498 1065 722 1102 progressus
747 1053 798 1090 ad
825 1052 1039 1101 Thapsum,
1065 1052 1131 1090 ubi
1153 1051 1345 1102 Vergilius
1366 1066 1455 1091 cum

131 1115 266 1164 grandi
291 1116 485 1166 praesidio
512 1124 696 1165 praeerat,
727 1124 851 1154 castra
880 1116 991 1165 ponit
1019 1116 1290 1167 oppidumque
1318 1131 1365 1156 eo
1393 1118 1456 1156 die

75 1192 112 1224 15
131 1180 432 1219 circummunire
449 1181 579 1230 coepit
595 1182 759 1230 locaque
774 1181 917 1220 idonea
933 1190 1233 1231 opportunaque
1254 1184 1455 1232 complura

131 1244 331 1293 praesidiis
355 1258 558 1294 occupare,
582 1246 713 1283 hostes
735 1259 783 1283 ne
805 1244 945 1283 intrare
965 1247 1014 1284 ad
1037 1260 1077 1284 se
1097 1260 1142 1284 ac
1167 1248 1253 1284 loca
1274 1247 1455 1286 interiora

130 1322 268 1359 capere
294 1317 463 1359 possent.
535 1309 665 1359 Scipio
693 1309 846 1348 interim
879 1310 1043 1360 cognitis
1073 1311 1250 1350 Caesaris
1283 1311 1454 1349 consiliis
1477 1327 1490 1347 2

127 1375 178 1412 ad
199 1374 471 1413 necessitatem
491 1375 686 1413 adductus
707 1375 933 1421 dimicandi,
956 1390 1005 1414 ne
1026 1389 1094 1425 per
1117 1390 1314 1414 summum
1338 1378 1454 1416 dede-

127 1452 195 1477 cus
216 1440 426 1478 fidissimos
447 1440 525 1478 suis
546 1441 661 1478 rebus
682 1440 945 1490 Thapsitanos
962 1449 999 1479 et
1015 1441 1229 1491 Vergilium
1246 1441 1450 1489 amitteret,

69 1522 108 1544 20
126 1504 333 1543 confestim
373 1506 580 1544 Caesarem
617 1519 683 1554 per
718 1505 915 1555 superiora
950 1507 1036 1543 loca
1071 1514 1306 1544 consecutus
1347 1506 1452 1544 milia

125 1582 312 1618 passuum
335 1581 407 1607 V111
429 1583 451 1607 a
471 1570 633 1619 Thapso
654 1569 757 1607 binis
778 1569 912 1607 castris
933 1570 1123 1608 consedit.

180 1635 272 1672 Erat
303 1641 482 1684 stagnum
523 1633 742 1680 salinarum,
776 1633 875 1672 inter
905 1636 1013 1684 quod
1044 1643 1081 1672 et
1112 1647 1217 1672 mare
1247 1635 1448 1684 angustiae
1468 1636 1521 1674 80

124 1699 319 1748 quaedam
350 1712 430 1736 non
459 1698 627 1747 amplius
658 1698 763 1736 mille
793 1706 830 1736 et
860 1710 887 1735 D
917 1712 1053 1748 passus
1085 1699 1321 1747 intererant3
1351 1713 1448 1749 quas

123 1763 255 1813 Scipio
300 1763 440 1802 intrare
481 1771 519 1801 et
562 1762 814 1813 Thapsitanis
855 1763 1040 1802 auxilium
1084 1765 1180 1802 ferre
1219 1765 1444 1803 conabatur.

65 1841 102 1872 25
124 1829 245 1876 Quod
275 1829 447 1865 futurum
479 1828 687 1866 Caesarem
719 1841 797 1865 non
830 1829 1025 1866 fefellerat.
1105 1829 1288 1877 Namque
1322 1828 1446 1877 pridie
1469 1846 1483 1866 2

121 1892 160 1930 in
191 1906 237 1931 eo
268 1894 356 1930 loco
386 1894 545 1930 castello
576 1892 728 1930 munito
758 1891 891 1942 ibique
918 1905 961 1929 111
985 1923 991 1929 .
1025 1923 1031 1929 .
1066 1923 1072 1930 .
1096 1892 1291 1941 praesidio
1312 1892 1446 1931 relicto

122 1957 203 2006 ipse
230 1970 320 1995 cum
349 1956 505 2007 reliquis
536 1957 658 2006 copiis
690 1957 830 1994 lunatis
862 1957 994 1995 castris
1026 1958 1230 2006 Thapsum
1261 1957 1445 2007 operibus

118 2021 442 2059 circummunivit.
503 2021 634 2071 Scipio
664 2020 818 2059 interim
846 2022 1024 2059 exclusus
1048 2021 1098 2059 ab
1129 2021 1286 2070 incepto
1308 2021 1444 2060 itinere
1465 2037 1482 2067 3

118 2099 232 2135 supra
253 2093 430 2135 stagnum
458 2092 614 2135 postero
645 2085 708 2123 die
738 2092 776 2123 et
806 2092 921 2123 nocte
951 2086 1132 2123 confecto
1156 2087 1265 2123 caelo
1285 2086 1443 2124 albente

59 2162 97 2192 30
117 2163 196 2187 non
218 2151 332 2199 longe
352 2163 374 2187 a
394 2149 528 2188 castris
550 2148 824 2198 praesidioque
853 2150 961 2198 quod
992 2162 1106 2198 supra
1136 2150 1441 2187 commemoravi

117 2225 179 2250 MD
222 2213 400 2263 passibus
440 2215 491 2252 ad
530 2227 634 2252 mare
669 2226 800 2251 versus
836 2213 1015 2251 consedit
1051 2221 1088 2251 et
1127 2221 1250 2251 castra
1289 2214 1440 2252 munire

160 2326 179 2355 5
204 2316 376 2346 fortissimi
403 2316 527 2355 quique
553 2315 587 2345 D
766 2326 805 2346 ιο
830 2321 863 2346 et
889 2319 962 2345 ante
993 2315 1204 2346 adversarios
1236 2315 1312 2346 add.
1335 2316 1439 2353 Jurt'n

119 2369 157 2398 13
182 2369 244 2389 xm
260 2358 291 2388 V
375 2360 417 2389 26
437 2363 558 2399 postm
577 2360 694 2399 legitur
709 2359 741 2389 in
762 2358 792 2387 V
806 2359 893 2389 telo:
912 2358 1082 2397 legionum
1100 2358 1296 2398 Nipperdey:
1322 2359 1437 2389 cohor-

117 2404 198 2451 tium
230 2401 386 2475 llyfoelfflin
522 2413 564 2441 29
588 2402 757 2442 consecto]
785 2402 936 2432 confecta
966 2401 996 2431 V
1126 2411 1165 2440 31
1192 2412 1231 2431 co
1257 2402 1291 2442 (i.
1302 2412 1324 2431 e.
1353 2412 1430 2432 m:

118 2447 221 2485 mille)
274 2447 281 2457 '
