1705 2729
135 848 170 870 10

127 1490 164 1510 20

502 141 575 176 DE
606 138 786 176 BELLO
817 139 994 176 CIVILI
1026 138 1128 175 LIB.
1164 139 1204 175 II

194 264 271 288 non
312 249 406 287 nulli
438 249 555 288 etiam
594 249 644 287 ab
683 248 737 286 eis
776 248 842 298 qui
881 248 1145 299 diligentiores
1176 248 1298 286 videri
1332 249 1514 287 volebant

192 315 445 364 fingebantur.

246 378 400 427 Quibus
434 379 483 416 de
515 378 640 417 causis
672 378 836 416 consilio
868 386 1086 417 convocato
1120 379 1170 416 de
1201 392 1356 416 summa
1386 392 1513 417 rerum
1533 387 1586 423 30

191 443 403 482 deliberare
430 442 574 493 incipit.
636 445 756 481 Erant
779 443 997 481 sententiae
1024 456 1124 492 quae
1145 444 1371 480 conandum
1393 443 1514 481 omni·
1537 457 1550 476 2

193 507 263 545 bus
294 507 420 545 modis
449 515 652 556 castraque
681 506 773 544 Vari
803 508 1071 556 oppugnanda
1096 515 1311 553 censerent,
1340 508 1448 556 quod
1473 509 1513 545 in

191 571 305 610 huius
327 571 433 610 modi
455 572 620 610 militum
641 571 812 610 consiliis
833 571 956 609 otium
979 571 1146 610 maxime
1166 571 1403 610 contrarium
1431 586 1515 610 esse

189 636 488 684 arbitrarentur3
518 644 717 686 postremo
744 644 936 685 praestare
964 635 1149 674 dicebant
1176 649 1244 685 per
1270 636 1449 674 virtutem
1475 636 1514 674 in

189 714 318 750 pugna
339 700 429 739 belli
449 701 643 738 fortunam
660 700 820 750 experiri
841 714 958 750 quam
975 702 1149 739 desertos
1170 708 1208 738 et
1229 700 1515 739 circumventos

188 766 237 803 ab
264 765 342 803 suis
368 764 634 815 gravissimum
661 764 896 815 supplicium
924 765 1083 815 perpeti.
1145 767 1264 803 Erant
1292 765 1357 815 qui
1385 779 1515 804 cense-
1536 780 1553 809 3

189 837 271 868 rent
305 831 355 868 de
390 830 500 868 tertia
530 830 657 880 vigilia
692 830 732 868 in
768 832 904 869 Castra
936 830 1120 869 Cornelia
1160 831 1438 877 recedendum,
1472 838 1514 868 ut

188 895 332 934 maiore
353 895 478 945 spatio
494 895 679 945 temporis
700 895 902 934 interiecto
919 895 1085 933 militum
1103 904 1253 933 mentes
1275 903 1510 941 sanarentur,

188 960 311 1007 simul,
336 960 365 998 si
388 960 482 1009 quid
502 960 653 1010 gravius
674 960 890 1007 accidisset,
915 974 1055 1009 magna
1082 959 1332 999 multitudine
1354 960 1511 998 navium

187 1032 224 1062 et
246 1025 363 1063 tutius
385 1032 422 1063 et
442 1025 591 1063 facilius
612 1025 650 1062 in
673 1024 843 1063 Siciliam
865 1032 1042 1074 receptus
1064 1026 1228 1063 daretur.

241 1089 361 1128 Curio
400 1096 608 1138 utrumque
647 1089 873 1139 improbans
913 1089 1131 1135 consilium,
1173 1097 1363 1138 quantum
1403 1090 1511 1128 alteri
1531 1099 1574 1136 31

151 1153 402 1198 gsententiae
432 1155 585 1192 deesset
615 1153 746 1199 animi,
779 1161 929 1191 tantum
960 1153 1067 1191 alteri
1098 1167 1300 1203 superesse
1330 1154 1486 1192 dicebat
1502 1169 1511 1201 3

187 1219 258 1256 hos
288 1218 531 1267 turpissimae
561 1220 673 1267 fugae
703 1217 892 1256 rationem
924 1218 1078 1264 habere,
1111 1218 1196 1256 illos
1227 1218 1343 1256 etiam
1374 1218 1509 1267 iniquo

185 1284 272 1321 loco
302 1282 572 1321 dimicandum
600 1290 744 1332 putare.
809 1284 925 1331 ‘Qua
954 1282 1083 1329 enim‚’
1109 1282 1246 1332 inquit,
1276 1283 1443 1321 ‘fiducia
1473 1291 1509 1321 et
1532 1299 1545 1319 2

184 1361 301 1397 opere
333 1355 370 1386 et
410 1354 546 1385 natura
584 1347 657 1385 loci
694 1346 955 1385 munitissima
989 1354 1112 1385 castra
1144 1347 1355 1397 expugnari
1394 1361 1509 1397 posse

184 1412 448 1451 confidimus?
488 1414 567 1449 Aut
596 1425 687 1450 vero
717 1411 812 1461 quid
842 1412 1079 1461 proficimus,
1112 1412 1142 1450 si
1171 1420 1336 1461 accepto
1367 1426 1508 1462 magno
1530 1427 1547 1457 3

184 1475 419 1515 detrimento
448 1477 498 1514 ab
523 1476 816 1525 oppugnatione
843 1483 1056 1514 castrorum
1087 1476 1356 1515 discedimus?
1386 1477 1508 1525 Quasi

183 1554 262 1580 non
302 1549 338 1580 et
376 1541 538 1579 felicitas
573 1554 699 1578 rerum
738 1548 933 1591 gestarum
969 1540 1157 1578 exercitus
1193 1541 1508 1579 benevolentiam

183 1604 480 1655 imperatoribus
514 1613 552 1644 et
586 1619 645 1644 res
676 1606 860 1643 adversae
890 1604 981 1643 odia
1010 1605 1244 1644 concilient!
1280 1607 1505 1644 Castrorum
1526 1621 1545 1651 4

182 1678 313 1709 autem
335 1671 499 1710 mutatio
521 1671 616 1721 quid
638 1672 757 1709 habet
783 1670 857 1709 nisi
882 1678 1034 1720 turpem
1055 1672 1185 1720 fugam
1208 1677 1246 1708 et
1273 1671 1508 1720 desperatio-

183 1749 273 1773 nem
307 1736 484 1775 omnium
519 1744 556 1775 et
587 1735 864 1774 alienationem
894 1734 1112 1773 exercitus?
1147 1736 1250 1773 Nam
1282 1748 1410 1785 neque
1440 1748 1507 1785 pu-

182 1801 310 1840 dentis
341 1802 527 1852 suspicari
557 1810 711 1852 oportet
741 1802 815 1840 sibi
844 1815 981 1852 parum
1011 1801 1117 1840 credi
1146 1814 1275 1851 neque
1304 1800 1506 1851 improbos

181 1865 278 1904 scire
307 1880 391 1905 sese
421 1867 557 1913 timeri,
580 1868 689 1916 quod
718 1866 791 1905 illis
822 1866 1019 1905 licentiam
1049 1866 1165 1904 timor
1193 1873 1331 1916 augeat
1361 1873 1503 1913 noster,

180 1929 239 1967 his
266 1931 395 1969 studia
415 1931 626 1970 deminuat.
688 1933 808 1980 Quod
839 1931 869 1969 si
894 1931 995 1978 iam‚⁷
1016 1930 1142 1980 inquit
1165 1934 1173 1950 ‘
1189 1932 1286 1969 haec
1307 1932 1504 1980 explorata
1524 1945 1540 1976 5

179 1994 393 2033 habeamus
432 2009 532 2045 quae
570 1997 620 2034 de
659 1995 848 2034 exercitus
892 1995 1129 2034 alienatione
1168 1995 1361 2042 dicuntur,
1403 2009 1504 2045 quae

179 2058 338 2107 quidem
360 2072 432 2109 ego
452 2066 519 2097 aut
534 2059 697 2098 omnino
718 2061 814 2098 falsa
833 2067 899 2097 aut
916 2066 1018 2098 certe
1040 2048 1191 2098 minora
1212 2059 1399 2109 opinione
1419 2073 1504 2098 esse

179 2124 346 2170 confido,
370 2131 518 2173 quanto
544 2125 641 2163 haec
670 2123 904 2163 dissimulari
929 2131 967 2162 et
990 2124 1176 2162 occultari
1200 2138 1318 2174 quam
1339 2138 1407 2174 per
1430 2138 1503 2162 nos

178 2188 397 2226 confirmari
436 2191 636 2239 praestet?
695 2191 756 2227 An
801 2203 891 2236 non,
933 2189 989 2227 uti
1027 2189 1200 2239 corporis
1239 2191 1409 2237 vulnera,
1450 2190 1540 2228 ita6

220 2300 239 2329 5
264 2291 298 2321 in
316 2290 391 2323 add.
413 2291 523 2323 Clarke
624 2303 645 2331 9
670 2293 811 2332 perpeti.
862 2293 967 2324 Erant
991 2292 1045 2323 T‘:
1072 2293 1141 2332 pati
1160 2294 1376 2333 proiecerant
1393 2294 1500 2325 D‘L':

177 2334 246 2371 pati
263 2344 364 2373 porro
382 2340 478 2366 erant
496 2334 590 2366 L²U²
722 2346 762 2375 23
788 2341 822 2366 ct
842 2336 932 2367 UT':
957 2347 1022 2367 om.
1040 2336 1151 2367 D'LF
1277 2348 1317 2376 24
1343 2338 1502 2377 pudentis

178 2376 380 2408 Ciaccom'ns:
406 2380 581 2418 prudentis
597 2378 634 2408 X
788 2389 830 2418 30
855 2380 1058 2411 dissimulari
1075 2380 1158 2421 ΓΟ)
1174 2391 1179 2411 ;
1206 2380 1418 2412 dissimulare
1438 2385 1497 2412 cett.

177 2420 336 2452 occultari
352 2422 374 2456 β
389 2431 394 2451 :
421 2422 590 2453 occultare
606 2421 651 2452 D'
