1705 2729
367 145 441 181 DE
471 143 650 181 BELLO
681 140 1095 178 ALEXANDRINO
1126 141 1295 177 LIBER

171 255 237 305 qui
267 254 305 292 in
336 254 499 292 navibus
529 253 654 302 longis
686 259 949 290 remanserant
983 252 1103 288 scalas
1138 264 1269 299 rapere
1303 249 1491 299 navisque

170 334 192 357 a
213 327 309 357 terra
336 319 520 367 repellere
546 316 817 366 properabant,
841 329 890 352 ne
917 316 1049 352 hostes
1074 314 1237 352 navibus
1262 313 1488 363 potirentur.

171 382 326 433 Quibus
353 381 537 419 omnibus
566 381 680 418 rebus
710 378 923 429 perturbati
951 378 1091 416 milites
1121 377 1242 416 nostri
1269 377 1490 415 cohortium
1511 385 1528 414 5

171 446 284 484 trium
313 459 413 495 quae
438 445 477 482 in
504 452 624 494 ponte
650 457 695 482 ac
722 443 846 493 prima
870 444 973 481 mole
998 442 1262 488 constiterant,
1285 454 1375 479 cum
1402 448 1491 491 post

133 520 149 550 5
170 524 210 548 se
239 512 449 548 clamorem
479 508 716 553 exaudirent,
746 509 877 557 fugam
908 520 1066 544 suorum
1094 506 1280 551 viderent,
1308 518 1489 554 magnam

169 574 246 611 vim
274 575 437 611 telorum
465 571 615 610 adversi
642 571 886 617 sustinerent,
910 570 1018 608 veriti
1047 584 1096 608 ne
1123 570 1172 608 ab
1197 577 1303 618 tergo
1330 568 1490 607 circum-

169 638 390 676 venirentur
409 645 447 674 et
467 636 641 675 discessu
667 635 825 673 navium
847 634 1010 673 omnino
1037 634 1162 671 reditu
1190 633 1490 671 intercluderen-

169 710 228 740 tur
258 701 515 739 munitionem
546 700 585 737 in
616 707 736 749 ponte
766 699 983 737 institutam
1012 698 1250 747 reliquerunt
1279 705 1317 735 et
1347 711 1489 746 magno

168 779 281 804 cursu
307 764 454 803 incitati
481 766 531 802 ad
552 764 661 802 navis
688 765 986 802 contenderunt.
1047 764 1226 811 Quorum
1254 775 1340 811 pars
1367 760 1490 811 proxi<
1509 764 1528 793 6

114 849 148 869 10
169 844 250 868 mas
272 837 385 867 nacta
406 828 514 866 navis
536 828 786 866 multitudine
808 827 1014 865 hominum
1035 834 1152 876 atque
1168 840 1285 864 onere
1306 827 1490 874 depressa

167 902 233 940 est,
258 907 343 944 pars
365 893 545 931 resistens
572 900 610 930 et
636 892 822 931 dubitans
850 891 945 941 quid
972 898 1073 929 esset
1094 890 1330 940 capiendum
1351 888 1489 927 consili

167 960 216 996 ab
237 957 509 996 Alexandrinis
537 957 737 995 interfecta
762 963 844 999 est;
873 969 953 994 non
981 955 1075 993 nulli
1105 954 1274 993 feliciore
1299 954 1403 992 exitu
1430 968 1490 991 ex-

167 1022 317 1072 peditas
338 1024 387 1061 ad
408 1035 590 1060 ancoram
619 1021 727 1059 navis
748 1020 949 1059 consecuti
977 1019 1193 1058 incolumes
1214 1019 1486 1063 discesserunt,

166 1086 280 1136 pauci
301 1086 472 1124 allevatis
493 1085 612 1123 scutis
633 1093 670 1123 et
691 1085 822 1124 animo
844 1085 894 1123 ad
915 1085 1141 1123 conandum
1157 1083 1232 1121 nisi
1247 1084 1297 1122 ad
1314 1083 1490 1133 proxima

111 1169 146 1199 15
167 1150 318 1200 navigia
339 1152 581 1189 adnatarunt.

219 1216 362 1254 Caesar
382 1215 512 1264 quoad
534 1214 661 1264 potuit
682 1214 927 1252 cohortando
949 1226 1039 1251 suos
1056 1214 1105 1250 ad
1127 1220 1287 1262 pontem
1304 1225 1349 1249 ac
1366 1211 1489 1249 muni-
1509 1216 1552 1244 21

166 1279 291 1317 tiones
311 1278 520 1324 continere,
545 1279 686 1316 eodem
711 1277 751 1315 in
779 1277 952 1327 periculo
973 1284 1145 1314 versatus
1166 1284 1248 1322 est,
1277 1284 1487 1326 postquam

166 1342 364 1381 universos
385 1344 523 1381 cedere
543 1340 825 1387 animadvertit,
850 1341 889 1378 in
912 1355 1025 1378 suum
1050 1340 1247 1389 navigium
1269 1353 1310 1378 se
1330 1340 1485 1390 recepit.

167 1408 258 1454 Quo
291 1407 501 1445 multitudo
535 1405 740 1444 hominum
775 1405 951 1444 insecuta
983 1418 1073 1443 cum
1103 1404 1331 1454 irrumperet
1360 1418 1488 1454 neque
1512 1422 1525 1442 2

108 1488 147 1509 20
165 1471 461 1509 administrandi
482 1484 611 1520 neque
634 1469 848 1520 repellendi
874 1483 897 1507 a
923 1477 1021 1507 terra
1041 1470 1202 1506 facultas
1224 1470 1388 1514 daretur,
1408 1470 1489 1506 fore

165 1537 272 1585 quod
298 1535 439 1574 accidit
466 1534 683 1584 suspicatus
712 1548 796 1572 sese
822 1548 869 1572 ex
894 1533 1049 1583 navigio
1075 1533 1190 1571 eiecit
1216 1540 1333 1583 atque
1354 1534 1404 1571 ad
1425 1546 1489 1571 eas

165 1613 264 1649 quae
297 1599 450 1649 longius
484 1599 738 1637 constiterant
772 1598 880 1636 navis
914 1597 1123 1636 adnatavit.
1185 1597 1293 1635 Hinc
1327 1597 1406 1635 suis
1440 1599 1490 1635 la·
1510 1613 1527 1642 3

165 1663 393 1702 borantibus
414 1663 591 1702 subsidio
612 1664 776 1712 scaphas
796 1662 955 1700 mittens
980 1676 1059 1700 non
1080 1663 1208 1700 nullos
1233 1661 1486 1700 conservavit.

165 1728 373 1778 Navigium
395 1728 556 1778 quidem
578 1727 660 1765 eius
688 1727 939 1765 multitudine
960 1728 1188 1776 depressum
1217 1726 1384 1764 militum
1409 1740 1489 1765 una

108 1807 144 1837 25
164 1806 253 1830 cum
288 1792 515 1831 hominibus
550 1791 704 1830 interiit.
765 1793 857 1830 Hoc
892 1791 1040 1841 proelio
1074 1790 1283 1829 desiderati
1317 1798 1407 1828 sunt
1441 1805 1525 1837 ex4

164 1871 327 1895 numero
356 1855 656 1906 legionariorum
682 1855 849 1894 militum
876 1855 1026 1894 circiter
1049 1867 1148 1893 cccc
1173 1863 1210 1893 et
1234 1857 1353 1905 paulo
1382 1858 1487 1893 ultra

164 1935 254 1959 eum
283 1935 489 1959 numerum
521 1920 704 1959 classiarii
733 1928 772 1959 et
800 1920 974 1970 remiges.
1034 1919 1289 1958 Alexandrini
1323 1933 1371 1958 eo
1400 1921 1488 1958 loco
1509 1932 1525 1962 5

165 1987 365 2024 castellum
390 1985 541 2035 magnis
572 1985 856 2024 munitionibus
884 1984 1095 2034 multisque
1123 1984 1326 2023 tormentis
1353 1985 1489 2022 confir-

167 2058 319 2088 marunt
339 2058 456 2100 atque
473 2049 611 2100 egestis
632 2064 678 2088 ex
698 2049 794 2087 mari
814 2049 1010 2099 lapidibus
1031 2048 1151 2086 libere
1168 2056 1258 2086 sunt
1273 2048 1331 2086 usi
1353 2056 1490 2098 postea

107 2128 148 2158 30
166 2115 216 2151 ad
236 2114 427 2152 mittenda
447 2113 608 2164 navigia.

221 2180 312 2217 Hoc
332 2178 568 2217 detrimento
589 2177 730 2216 milites
757 2178 878 2216 nostri
900 2185 1051 2216 tantum
1078 2179 1258 2216 afuerunt
1279 2185 1321 2215 ut
1344 2185 1488 2227 pertur-
1507 2184 1558 2212 22

167 2243 356 2289 barentur,
373 2250 414 2281 ut
430 2243 577 2281 incensi
595 2250 712 2292 atque
728 2242 877 2281 incitati
894 2256 1054 2292 magnas
1067 2242 1311 2281 accessiones
1328 2242 1488 2281 fecerint

209 2357 227 2384 4
252 2351 352 2385 ponte
369 2347 589 2386 Bongarsz'rm.
608 2347 679 2377 III:
708 2352 844 2386 pontem
868 2346 903 2375 X
1040 2358 1071 2385 14
1098 2346 1229 2376 allevati
1257 2346 1314 2376 LA
1449 2355 1485 2384 17

167 2389 337 2419 continere
356 2390 505 2430 Lipsius:
533 2391 737 2421 contendere
753 2390 791 2420 X
920 2392 960 2419 26
985 2390 1070 2420 ultra
1089 2389 1162 2420 add.
1186 2388 1367 2419 Beroaldus
