1705 2729
582 105 626 142 C.
661 105 776 141 IVLI
809 104 1077 141 CAESARIS

100 228 142 256 12
220 218 310 265 Qua
344 229 445 255 nova
477 229 516 254 re
548 216 679 253 oblata
711 214 838 253 omnis
872 214 1157 253 administratio
1188 215 1280 253 belli
1312 214 1491 254 consistit

165 281 386 331 militesque
415 280 537 318 aversi
567 294 590 318 a
619 280 768 329 proelio
797 280 848 318 ad
875 279 1047 317 studium
1078 280 1265 318 audiendi
1287 288 1324 318 et
1348 293 1491 328 cogno-

123 361 138 381 2
163 345 297 383 scendi
346 347 530 383 feruntur.
609 344 690 383 Ubi
740 345 871 382 hostes
920 345 971 382 ad
1016 346 1163 393 legatos
1198 344 1490 394 exercitumque

161 416 431 457 pervenerunt,
474 408 642 446 universi
685 421 726 446 se
771 409 821 446 ad
857 409 977 457 pedes
1022 407 1243 457 proiciunt3
1295 416 1490 450 orantut

122 485 138 514 3
160 473 352 510 adventus
370 472 546 511 Caesaris
564 479 817 521 exspectetur.
879 473 1045 521 Captam
1064 485 1173 509 suam
1191 472 1328 510 urbem
1345 472 1487 519 videre,

160 550 278 586 opera
316 539 497 587 perfecta,
539 536 673 574 turrim
719 537 946 583 subrutam,
993 536 1124 585 itaque
1168 536 1219 574 ab
1259 537 1489 575 defensione

160 601 356 640 desistere.
436 603 595 640 Nullam
636 600 772 639 exoriri
804 614 954 638 moram
989 614 1105 650 posse
1139 600 1362 650 quominus,
1397 614 1488 639 cum

161 665 339 713 venisset,
381 665 412 703 si
453 666 641 715 imperata
680 678 759 703 non
799 666 970 703 facerent
1003 666 1054 703 ad
1089 673 1240 712 nutum,
1275 678 1297 703 e
1326 666 1489 715 vestigio

118 745 137 774 4
161 730 428 780 diriperentur.
508 733 676 777 Docent,
711 730 742 767 si
774 729 937 767 omnino
976 729 1088 768 turris
1127 730 1375 777 concidisset,
1407 744 1488 769 non

160 808 276 844 posse
304 795 444 833 milites
470 794 661 833 contineri
693 794 787 843 quin
823 807 891 844 spe
921 796 1089 843 praedae
1121 794 1159 832 in
1188 794 1325 832 urbem
1356 794 1489 832 irrum-

160 867 296 909 perent
320 860 537 909 urbemque
568 861 754 898 delerent.
827 861 941 897 Haec
974 866 1093 908 atque
1127 859 1304 897 eiusdem
1336 860 1488 909 generis

159 925 362 974 complura
382 932 423 962 ut
444 925 494 962 ab
515 923 743 962 hominibus
773 923 900 963 doctis
930 937 1072 974 magna
1102 936 1191 962 cum
1222 924 1489 967 misericordia

159 990 332 1038 fletuque
353 988 664 1038 pronuntiantur.

97 1068 138 1105 13
214 1052 369 1102 Quibus
394 1054 509 1091 rebus
537 1052 727 1091 commoti
754 1052 869 1103 legati
894 1052 1036 1091 milites
1061 1065 1107 1091 ex
1132 1066 1249 1102 opere
1270 1054 1485 1102 deducunt,

158 1118 453 1168 oppugnatione
502 1118 720 1165 desistunt3
777 1117 960 1167 operibus
1009 1117 1207 1156 custodias
1248 1118 1483 1168 relinquunt.

121 1202 134 1222 2
160 1182 407 1221 Indutiarum
447 1183 621 1232 quodam
660 1195 801 1232 genere
844 1181 1108 1220 misericordia
1149 1183 1252 1221 facto
1295 1185 1487 1226 adventus

158 1247 335 1286 Caesaris
362 1254 615 1296 exspectatur.
688 1248 851 1285 Nullum
883 1260 929 1284 ex
961 1260 1084 1293 muro,
1114 1248 1265 1285 nullum
1293 1261 1317 1286 a
1347 1249 1487 1286 nostris

158 1311 321 1350 mittitur
348 1314 496 1359 telum;
526 1319 568 1350 ut
595 1325 634 1350 re
659 1313 838 1350 confecta
864 1325 1002 1350 omnes
1024 1325 1156 1350 curam
1182 1320 1219 1350 et
1244 1312 1486 1362 diligentiam

119 1393 135 1423 3
156 1376 368 1415 remittunt.
441 1378 584 1416 Caesar
615 1376 720 1414 enim
753 1390 820 1426 per
849 1376 992 1415 litteras
1023 1376 1224 1415 Trebonio
1249 1390 1487 1427 magnopere

157 1442 420 1488 mandaverat,
456 1454 504 1479 ne
532 1455 599 1491 per
626 1440 703 1478 vim
739 1440 931 1490 oppidum
960 1441 1171 1491 expugnari
1203 1449 1410 1491 pateretur,
1437 1456 1486 1481 ne

155 1505 307 1555 gravius
330 1505 497 1555 permoti
528 1505 670 1543 milites
695 1512 732 1543 et
754 1505 986 1544 defectionis
1014 1505 1107 1544 odio
1129 1513 1167 1544 et
1188 1507 1486 1557 contemptione

115 1587 134 1617 4
156 1570 214 1608 sui
236 1578 273 1608 et
297 1570 450 1608 diutino
480 1571 613 1608 labore
641 1569 768 1608 omnis
799 1570 966 1619 puberes
991 1570 1253 1609 interficerent
1267 1586 1277 1619 ,-
1307 1574 1415 1622 quod
1445 1585 1486 1611 se

157 1637 324 1673 facturos
351 1635 601 1673 minabantur
625 1647 818 1684 aegreque
846 1642 940 1672 tunc
968 1642 1058 1673 sunt
1088 1635 1227 1673 retenti
1257 1636 1351 1686 quin
1377 1637 1485 1686 oppi-

155 1700 250 1737 dum
301 1699 568 1750 irrumperent,
608 1699 852 1749 graviterque
892 1713 977 1738 eam
1027 1713 1108 1738 rem
1154 1702 1335 1748 tulerunt,
1376 1703 1485 1751 quod

156 1764 308 1803 stetisse
364 1778 432 1814 per
488 1763 732 1803 Trebonium
792 1764 1003 1813 quominus
1061 1764 1211 1814 oppido
1268 1765 1485 1815 potirentur

155 1829 369 1867 videbatur.

89 1911 133 1949 14
208 1896 261 1932 At
291 1895 422 1932 hostes
453 1893 537 1932 sine
566 1894 644 1932 fide
674 1901 829 1943 tempus
857 1902 975 1944 atque
1002 1895 1251 1933 occasionem
1273 1895 1418 1933 fraudis
1439 1909 1485 1934 ac

154 1959 235 1997 doli
263 1966 455 2008 quaerunt
480 1958 771 2008 interiectisque
792 1958 943 2008 aliquot
963 1958 1115 2006 diebus,
1139 1959 1279 1997 nostris
1301 1961 1485 2010 languen-

154 2025 259 2063 tibus
283 2032 402 2074 atque
427 2025 561 2064 animo
582 2024 763 2071 remissis,
787 2025 918 2063 subito
943 2025 1161 2064 meridiano
1182 2033 1368 2074 tempore,
1393 2039 1483 2063 cum

154 2090 252 2128 alius
283 2089 535 2136 discessisset,
567 2089 665 2128 alius
693 2103 739 2128 ex
766 2089 920 2128 diutino
947 2090 1080 2128 labore
1105 2090 1142 2127 in
1174 2089 1267 2139 ipsis
1299 2090 1483 2139 operibus

154 2154 275 2203 quieti
308 2167 349 2192 se
383 2154 568 2200 dedisset,
600 2167 706 2192 arma
736 2167 827 2192 vero
862 2154 995 2192 omnia
1026 2154 1195 2203 reposita
1222 2161 1483 2204 contectaque

154 2226 295 2265 essent,
332 2219 452 2268 portis
490 2221 590 2257 foras
625 2226 847 2269 erumpunt,
888 2220 1065 2257 secundo
1106 2232 1329 2268 magnoque
1364 2226 1483 2258 vento

196 2325 217 2353 6
241 2324 357 2353 turrim
382 2323 436 2353 T':
465 2328 589 2353 turrem
607 2327 671 2353 cett.
788 2333 823 2361 14
850 2323 1022 2353 deducunt
1041 2321 1106 2353 D':
1133 2323 1296 2352 diducunt
1314 2324 1336 2356 β
1441 2333 1479 2352 21

155 2367 410 2405 contemptione
442 2366 474 2395 E
500 2377 598 2397 corn:
640 2366 862 2396 contentione
888 2365 925 2395 X
1097 2376 1137 2404 32
1178 2366 1268 2396 foras
1299 2371 1482 2404 erumpunt

155 2410 343 2449 Stephanus
359 2421 364 2439 ;
390 2420 426 2439 se
445 2410 515 2439 (scr
533 2410 579 2439 Di
598 2409 686 2440 foras
704 2414 862 2448 rumpunt
880 2408 916 2438 X

1509 487 1526 517 5

1510 812 1549 835 10

1509 1457 1547 1479 20

1506 1781 1544 1813 ²5

1504 2103 1545 2133 30
