<?xml version="1.0" encoding="UTF-8"?>
<!DOCTYPE html PUBLIC "-//W3C//DTD XHTML 1.0 Transitional//EN"
    "http://www.w3.org/TR/xhtml1/DTD/xhtml1-transitional.dtd">
<html xmlns="http://www.w3.org/1999/xhtml" xml:lang="en" lang="en">
 <head>
  <title>
</title>
<meta http-equiv="Content-Type" content="text/html;charset=utf-8" />
  <meta name='ocr-system' content='tesseract 3.04.00' />
  <meta name='ocr-capabilities' content='ocr_page ocr_carea ocr_par ocr_line ocrx_word'/>
</head>
<body>
  <div class='ocr_page' id='page_1' title='image "./commentariorumpa02caesuoft_0150.png"; bbox 0 0 1705 2729; ppageno 0'>
   <div class='ocr_carea' id='block_1_1' title="bbox 589 122 1084 159">
    <p class='ocr_par' dir='ltr' id='par_1_1' title="bbox 589 122 1084 159">
     <span class='ocr_line' id='line_1_1' title="bbox 589 122 1084 159; baseline 0.002 -1"><span class='ocrx_word' id='word_1_1' title='bbox 589 122 633 159; x_wconf 90' lang='lat' dir='ltr'>C.</span> <span class='ocrx_word' id='word_1_2' title='bbox 668 122 782 159; x_wconf 75' lang='lat' dir='ltr'>IVLI</span> <span class='ocrx_word' id='word_1_3' title='bbox 815 122 1084 159; x_wconf 68' lang='lat' dir='ltr'>CAESARIS</span> 
     </span>
    </p>
   </div>
   <div class='ocr_carea' id='block_1_2' title="bbox 80 233 1569 2159">
    <p class='ocr_par' dir='ltr' id='par_1_2' title="bbox 174 233 1501 284">
     <span class='ocr_line' id='line_1_2' title="bbox 174 233 1501 284; baseline 0.002 -15"><span class='ocrx_word' id='word_1_4' title='bbox 174 241 418 281; x_wconf 75' lang='lat' dir='ltr'>praeparatas</span> <span class='ocrx_word' id='word_1_5' title='bbox 448 234 498 270; x_wconf 86' lang='lat' dir='ltr'>ad</span> <span class='ocrx_word' id='word_1_6' title='bbox 530 233 756 270; x_wconf 83' lang='lat' dir='ltr'>incendium</span> <span class='ocrx_word' id='word_1_7' title='bbox 788 233 958 279; x_wconf 79' lang='lat' dir='ltr'>immisit,</span> <span class='ocrx_word' id='word_1_8' title='bbox 991 242 1027 271; x_wconf 80' lang='lat' dir='ltr'>et</span> <span class='ocrx_word' id='word_1_9' title='bbox 1063 235 1220 272; x_wconf 85' lang='lat' dir='ltr'>flamma</span> <span class='ocrx_word' id='word_1_10' title='bbox 1253 235 1302 272; x_wconf 87' lang='lat' dir='ltr'>ab</span> <span class='ocrx_word' id='word_1_11' title='bbox 1335 243 1501 284; x_wconf 81' lang='lat' dir='ltr'>utroque</span> 
     </span>
    </p>

    <p class='ocr_par' dir='ltr' id='par_1_3' title="bbox 134 298 1501 475">
     <span class='ocr_line' id='line_1_3' title="bbox 134 298 1501 348; baseline 0.002 -15"><span class='ocrx_word' id='word_1_12' title='bbox 134 309 151 339; x_wconf 79' lang='lat'>5</span> <span class='ocrx_word' id='word_1_13' title='bbox 173 310 294 334; x_wconf 73' lang='lat' dir='ltr'>cornu</span> <span class='ocrx_word' id='word_1_14' title='bbox 317 310 549 346; x_wconf 82' lang='lat' dir='ltr'>comprensa</span> <span class='ocrx_word' id='word_1_15' title='bbox 570 310 687 335; x_wconf 86' lang='lat' dir='ltr'>naves</span> <span class='ocrx_word' id='word_1_16' title='bbox 713 305 802 335; x_wconf 88' lang='lat' dir='ltr'>sunt</span> <span class='ocrx_word' id='word_1_17' title='bbox 823 298 1053 336; x_wconf 74' lang='lat' dir='ltr'>combustae</span> <span class='ocrx_word' id='word_1_18' title='bbox 1074 298 1258 347; x_wconf 82' lang='lat' dir='ltr'>quinque.</span> <span class='ocrx_word' id='word_1_19' title='bbox 1319 300 1501 348; x_wconf 80' lang='lat' dir='ltr'>Cumque</span> 
     </span>
     <span class='ocr_line' id='line_1_4' title="bbox 174 360 1501 412; baseline 0.002 -15"><span class='ocrx_word' id='word_1_20' title='bbox 174 360 271 409; x_wconf 85' lang='lat' dir='ltr'>ignis</span> <span class='ocrx_word' id='word_1_21' title='bbox 300 360 570 410; x_wconf 75' lang='lat' dir='ltr'>magnitudine</span> <span class='ocrx_word' id='word_1_22' title='bbox 595 361 700 399; x_wconf 87' lang='lat' dir='ltr'>venti</span> <span class='ocrx_word' id='word_1_23' title='bbox 728 361 842 399; x_wconf 91' lang='lat' dir='ltr'>latius</span> <span class='ocrx_word' id='word_1_24' title='bbox 869 369 1049 411; x_wconf 74' lang='lat' dir='ltr'>serperet,</span> <span class='ocrx_word' id='word_1_25' title='bbox 1073 362 1214 400; x_wconf 80' lang='lat' dir='ltr'>milites</span> <span class='ocrx_word' id='word_1_26' title='bbox 1239 362 1304 412; x_wconf 89' lang='lat' dir='ltr'>qui</span> <span class='ocrx_word' id='word_1_27' title='bbox 1332 377 1377 400; x_wconf 85' lang='lat' dir='ltr'>ex</span> <span class='ocrx_word' id='word_1_28' title='bbox 1402 370 1501 401; x_wconf 84' lang='lat' dir='ltr'>vete-</span> 
     </span>
     <span class='ocr_line' id='line_1_5' title="bbox 174 424 1501 475; baseline 0.003 -14"><span class='ocrx_word' id='word_1_29' title='bbox 174 424 278 463; x_wconf 91' lang='lat' dir='ltr'>ribus</span> <span class='ocrx_word' id='word_1_30' title='bbox 306 424 526 474; x_wconf 84' lang='lat' dir='ltr'>legionibus</span> <span class='ocrx_word' id='word_1_31' title='bbox 556 433 664 464; x_wconf 90' lang='lat' dir='ltr'>erant</span> <span class='ocrx_word' id='word_1_32' title='bbox 695 425 816 464; x_wconf 88' lang='lat' dir='ltr'>relicti</span> <span class='ocrx_word' id='word_1_33' title='bbox 843 426 1038 475; x_wconf 88' lang='lat' dir='ltr'>praesidio</span> <span class='ocrx_word' id='word_1_34' title='bbox 1069 426 1233 464; x_wconf 88' lang='lat' dir='ltr'>navibus</span> <span class='ocrx_word' id='word_1_35' title='bbox 1263 441 1308 465; x_wconf 83' lang='lat' dir='ltr'>ex</span> <span class='ocrx_word' id='word_1_36' title='bbox 1338 440 1501 465; x_wconf 88' lang='lat' dir='ltr'>numero</span> 
     </span>
    </p>

    <p class='ocr_par' dir='ltr' id='par_1_4' title="bbox 134 489 1538 735">
     <span class='ocr_line' id='line_1_6' title="bbox 134 489 1538 542; baseline 0.001 -14"><span class='ocrx_word' id='word_1_37' title='bbox 134 498 153 528; x_wconf 86' lang='lat'>6</span> <span class='ocrx_word' id='word_1_38' title='bbox 172 503 375 538; x_wconf 82' lang='lat' dir='ltr'>aegrorum</span> <span class='ocrx_word' id='word_1_39' title='bbox 406 489 661 539; x_wconf 80' lang='lat' dir='ltr'>ignominiam</span> <span class='ocrx_word' id='word_1_40' title='bbox 697 504 776 529; x_wconf 91' lang='lat' dir='ltr'>non</span> <span class='ocrx_word' id='word_1_41' title='bbox 807 492 987 538; x_wconf 84' lang='lat' dir='ltr'>tulerunt,</span> <span class='ocrx_word' id='word_1_42' title='bbox 1021 492 1090 530; x_wconf 91' lang='lat' dir='ltr'>sed</span> <span class='ocrx_word' id='word_1_43' title='bbox 1120 505 1189 530; x_wconf 88' lang='lat' dir='ltr'>sua</span> <span class='ocrx_word' id='word_1_44' title='bbox 1220 500 1360 542; x_wconf 90' lang='lat' dir='ltr'>sponte</span> <span class='ocrx_word' id='word_1_45' title='bbox 1393 491 1502 530; x_wconf 87' lang='lat' dir='ltr'>navis</span> <span class='ocrx_word' id='word_1_46' title='bbox 1521 499 1538 531; x_wconf 87' lang='grc'>5</span> 
     </span>
     <span class='ocr_line' id='line_1_7' title="bbox 173 555 1502 606; baseline 0.002 -14"><span class='ocrx_word' id='word_1_47' title='bbox 173 555 490 593; x_wconf 89' lang='lat' dir='ltr'>conscenderunt</span> <span class='ocrx_word' id='word_1_48' title='bbox 528 562 566 593; x_wconf 88' lang='lat' dir='ltr'>et</span> <span class='ocrx_word' id='word_1_49' title='bbox 603 569 626 593; x_wconf 84' lang='lat' dir='ltr'>a</span> <span class='ocrx_word' id='word_1_50' title='bbox 665 563 763 594; x_wconf 89' lang='lat' dir='ltr'>terra</span> <span class='ocrx_word' id='word_1_51' title='bbox 806 557 1003 594; x_wconf 88' lang='lat' dir='ltr'>solverunt</span> <span class='ocrx_word' id='word_1_52' title='bbox 1047 555 1277 606; x_wconf 85' lang='lat' dir='ltr'>impetuque</span> <span class='ocrx_word' id='word_1_53' title='bbox 1319 557 1423 594; x_wconf 87' lang='lat' dir='ltr'>facto</span> <span class='ocrx_word' id='word_1_54' title='bbox 1463 556 1502 594; x_wconf 90' lang='lat' dir='ltr'>in</span> 
     </span>
     <span class='ocr_line' id='line_1_8' title="bbox 174 618 1504 670; baseline 0.002 -14"><span class='ocrx_word' id='word_1_55' title='bbox 174 618 402 657; x_wconf 81' lang='lat' dir='ltr'>Cassianam</span> <span class='ocrx_word' id='word_1_56' title='bbox 442 621 606 658; x_wconf 79' lang='lat' dir='ltr'>classem</span> <span class='ocrx_word' id='word_1_57' title='bbox 642 620 936 670; x_wconf 80' lang='lat' dir='ltr'>quinqueremis</span> <span class='ocrx_word' id='word_1_58' title='bbox 970 622 1078 667; x_wconf 89' lang='lat' dir='ltr'>duas,</span> <span class='ocrx_word' id='word_1_59' title='bbox 1113 620 1152 658; x_wconf 92' lang='lat' dir='ltr'>in</span> <span class='ocrx_word' id='word_1_60' title='bbox 1187 634 1351 670; x_wconf 89' lang='lat' dir='ltr'>quarum</span> <span class='ocrx_word' id='word_1_61' title='bbox 1385 622 1504 659; x_wconf 89' lang='lat' dir='ltr'>altera</span> 
     </span>
     <span class='ocr_line' id='line_1_9' title="bbox 173 683 1504 735; baseline 0.001 -14"><span class='ocrx_word' id='word_1_62' title='bbox 173 691 253 721; x_wconf 85' lang='lat' dir='ltr'>erat</span> <span class='ocrx_word' id='word_1_63' title='bbox 274 683 443 731; x_wconf 78' lang='lat' dir='ltr'>Cassius,</span> <span class='ocrx_word' id='word_1_64' title='bbox 468 692 666 734; x_wconf 87' lang='lat' dir='ltr'>ceperunt,</span> <span class='ocrx_word' id='word_1_65' title='bbox 690 686 759 724; x_wconf 88' lang='lat' dir='ltr'>sed</span> <span class='ocrx_word' id='word_1_66' title='bbox 781 685 940 725; x_wconf 82' lang='lat' dir='ltr'>Cassius</span> <span class='ocrx_word' id='word_1_67' title='bbox 968 693 1153 735; x_wconf 78' lang='lat' dir='ltr'>exceptus</span> <span class='ocrx_word' id='word_1_68' title='bbox 1177 686 1323 735; x_wconf 87' lang='lat' dir='ltr'>scapha</span> <span class='ocrx_word' id='word_1_69' title='bbox 1343 684 1504 735; x_wconf 83' lang='lat' dir='ltr'>refugit3</span> 
     </span>
    </p>

    <p class='ocr_par' dir='ltr' id='par_1_5' title="bbox 137 750 1564 1046">
     <span class='ocr_line' id='line_1_10' title="bbox 137 750 1504 800; baseline 0.001 -15"><span class='ocrx_word' id='word_1_70' title='bbox 137 760 151 793; x_wconf 80' lang='lat'>7</span> <span class='ocrx_word' id='word_1_71' title='bbox 173 756 370 797; x_wconf 83' lang='lat' dir='ltr'>praeterea</span> <span class='ocrx_word' id='word_1_72' title='bbox 391 750 493 787; x_wconf 88' lang='lat' dir='ltr'>duae</span> <span class='ocrx_word' id='word_1_73' title='bbox 514 757 604 787; x_wconf 89' lang='lat' dir='ltr'>sunt</span> <span class='ocrx_word' id='word_1_74' title='bbox 624 751 840 799; x_wconf 84' lang='lat' dir='ltr'>deprensae</span> <span class='ocrx_word' id='word_1_75' title='bbox 861 750 1044 788; x_wconf 80' lang='lat' dir='ltr'>triremes,</span> <span class='ocrx_word' id='word_1_76' title='bbox 1106 752 1247 800; x_wconf 83' lang='lat' dir='ltr'>Neque</span> <span class='ocrx_word' id='word_1_77' title='bbox 1272 751 1395 788; x_wconf 91' lang='lat' dir='ltr'>multo</span> <span class='ocrx_word' id='word_1_78' title='bbox 1416 758 1504 799; x_wconf 88' lang='lat' dir='ltr'>post</span> 
     </span>
     <span class='ocr_line' id='line_1_11' title="bbox 173 813 1564 865; baseline 0 -14"><span class='ocrx_word' id='word_1_79' title='bbox 173 814 223 852; x_wconf 91' lang='lat' dir='ltr'>de</span> <span class='ocrx_word' id='word_1_80' title='bbox 247 813 395 863; x_wconf 89' lang='lat' dir='ltr'>proelio</span> <span class='ocrx_word' id='word_1_81' title='bbox 422 815 525 852; x_wconf 87' lang='lat' dir='ltr'>facto</span> <span class='ocrx_word' id='word_1_82' title='bbox 550 814 589 852; x_wconf 90' lang='lat' dir='ltr'>in</span> <span class='ocrx_word' id='word_1_83' title='bbox 606 815 810 853; x_wconf 86' lang='lat' dir='ltr'>Thessalia</span> <span class='ocrx_word' id='word_1_84' title='bbox 831 815 1031 865; x_wconf 84' lang='lat' dir='ltr'>cognitum</span> <span class='ocrx_word' id='word_1_85' title='bbox 1057 822 1124 861; x_wconf 89' lang='lat' dir='ltr'>est,</span> <span class='ocrx_word' id='word_1_86' title='bbox 1148 822 1191 853; x_wconf 90' lang='lat' dir='ltr'>ut</span> <span class='ocrx_word' id='word_1_87' title='bbox 1211 814 1304 865; x_wconf 88' lang='lat' dir='ltr'>ipsis</span> <span class='ocrx_word' id='word_1_88' title='bbox 1326 813 1504 864; x_wconf 86' lang='lat' dir='ltr'>Pompei-</span> <span class='ocrx_word' id='word_1_89' title='bbox 1525 822 1564 844; x_wconf 87' lang='lat'>10</span> 
     </span>
     <span class='ocr_line' id='line_1_12' title="bbox 173 877 1504 929; baseline 0 -14"><span class='ocrx_word' id='word_1_90' title='bbox 173 877 256 915; x_wconf 87' lang='lat' dir='ltr'>anis</span> <span class='ocrx_word' id='word_1_91' title='bbox 287 879 385 916; x_wconf 85' lang='lat' dir='ltr'>fides</span> <span class='ocrx_word' id='word_1_92' title='bbox 413 879 544 926; x_wconf 77' lang='lat' dir='ltr'>fieret3</span> <span class='ocrx_word' id='word_1_93' title='bbox 582 893 673 916; x_wconf 91' lang='lat' dir='ltr'>nam</span> <span class='ocrx_word' id='word_1_94' title='bbox 703 887 794 917; x_wconf 88' lang='lat' dir='ltr'>ante</span> <span class='ocrx_word' id='word_1_95' title='bbox 824 879 864 917; x_wconf 89' lang='lat' dir='ltr'>id</span> <span class='ocrx_word' id='word_1_96' title='bbox 895 886 1050 929; x_wconf 89' lang='lat' dir='ltr'>tempus</span> <span class='ocrx_word' id='word_1_97' title='bbox 1080 878 1172 928; x_wconf 86' lang='lat' dir='ltr'>fingi</span> <span class='ocrx_word' id='word_1_98' title='bbox 1201 892 1224 916; x_wconf 91' lang='lat' dir='ltr'>a</span> <span class='ocrx_word' id='word_1_99' title='bbox 1248 878 1383 928; x_wconf 91' lang='lat' dir='ltr'>legatis</span> <span class='ocrx_word' id='word_1_100' title='bbox 1412 877 1504 916; x_wconf 86' lang='lat' dir='ltr'>ami-</span> 
     </span>
     <span class='ocr_line' id='line_1_13' title="bbox 174 941 1504 993; baseline 0 -13"><span class='ocrx_word' id='word_1_101' title='bbox 174 942 308 992; x_wconf 83' lang='lat' dir='ltr'>cisque</span> <span class='ocrx_word' id='word_1_102' title='bbox 343 942 521 982; x_wconf 83' lang='lat' dir='ltr'>Caesaris</span> <span class='ocrx_word' id='word_1_103' title='bbox 558 943 855 981; x_wconf 85' lang='lat' dir='ltr'>arbitrabantur.</span> <span class='ocrx_word' id='word_1_104' title='bbox 917 943 1072 991; x_wconf 86' lang='lat' dir='ltr'>Quibus</span> <span class='ocrx_word' id='word_1_105' title='bbox 1107 943 1223 981; x_wconf 91' lang='lat' dir='ltr'>rebus</span> <span class='ocrx_word' id='word_1_106' title='bbox 1257 941 1424 993; x_wconf 85' lang='lat' dir='ltr'>cognitis</span> <span class='ocrx_word' id='word_1_107' title='bbox 1457 956 1504 981; x_wconf 82' lang='lat' dir='ltr'>ex</span> 
     </span>
     <span class='ocr_line' id='line_1_14' title="bbox 175 1006 1025 1046; baseline 0.002 -3"><span class='ocrx_word' id='word_1_108' title='bbox 175 1006 233 1044; x_wconf 91' lang='lat' dir='ltr'>his</span> <span class='ocrx_word' id='word_1_109' title='bbox 261 1006 355 1044; x_wconf 89' lang='lat' dir='ltr'>locis</span> <span class='ocrx_word' id='word_1_110' title='bbox 382 1007 541 1046; x_wconf 89' lang='lat' dir='ltr'>Cassius</span> <span class='ocrx_word' id='word_1_111' title='bbox 569 1020 659 1045; x_wconf 89' lang='lat' dir='ltr'>cum</span> <span class='ocrx_word' id='word_1_112' title='bbox 688 1009 811 1046; x_wconf 89' lang='lat' dir='ltr'>classe</span> <span class='ocrx_word' id='word_1_113' title='bbox 838 1007 1025 1046; x_wconf 89' lang='lat' dir='ltr'>discessit.</span> 
     </span>
    </p>

    <p class='ocr_par' dir='ltr' id='par_1_6' title="bbox 80 1071 1561 1380">
     <span class='ocr_line' id='line_1_15' title="bbox 80 1071 1504 1122; baseline 0.001 -14"><span class='ocrx_word' id='word_1_114' title='bbox 80 1081 154 1108; x_wconf 87' lang='lat'>102</span> <span class='ocrx_word' id='word_1_115' title='bbox 229 1072 373 1110; x_wconf 89' lang='lat' dir='ltr'>Caesar</span> <span class='ocrx_word' id='word_1_116' title='bbox 403 1071 587 1110; x_wconf 91' lang='lat' dir='ltr'>omnibus</span> <span class='ocrx_word' id='word_1_117' title='bbox 620 1072 735 1110; x_wconf 91' lang='lat' dir='ltr'>rebus</span> <span class='ocrx_word' id='word_1_118' title='bbox 767 1071 908 1110; x_wconf 91' lang='lat' dir='ltr'>relictis</span> <span class='ocrx_word' id='word_1_119' title='bbox 938 1073 1255 1122; x_wconf 91' lang='lat' dir='ltr'>persequendum</span> <span class='ocrx_word' id='word_1_120' title='bbox 1286 1071 1359 1110; x_wconf 91' lang='lat' dir='ltr'>sibi</span> <span class='ocrx_word' id='word_1_121' title='bbox 1390 1073 1504 1110; x_wconf 89' lang='lat' dir='ltr'>Pom-</span> 
     </span>
     <span class='ocr_line' id='line_1_16' title="bbox 174 1134 1561 1186; baseline 0.004 -14"><span class='ocrx_word' id='word_1_122' title='bbox 174 1134 305 1184; x_wconf 88' lang='lat' dir='ltr'>peium</span> <span class='ocrx_word' id='word_1_123' title='bbox 322 1135 554 1174; x_wconf 83' lang='lat' dir='ltr'>existimavit</span> <span class='ocrx_word' id='word_1_124' title='bbox 571 1149 841 1186; x_wconf 88' lang='lat' dir='ltr'>quascumque</span> <span class='ocrx_word' id='word_1_125' title='bbox 857 1135 896 1174; x_wconf 92' lang='lat' dir='ltr'>in</span> <span class='ocrx_word' id='word_1_126' title='bbox 913 1136 1031 1186; x_wconf 90' lang='lat' dir='ltr'>partis</span> <span class='ocrx_word' id='word_1_127' title='bbox 1052 1150 1093 1175; x_wconf 89' lang='lat' dir='ltr'>se</span> <span class='ocrx_word' id='word_1_128' title='bbox 1109 1150 1155 1175; x_wconf 84' lang='lat' dir='ltr'>ex</span> <span class='ocrx_word' id='word_1_129' title='bbox 1170 1138 1261 1186; x_wconf 85' lang='lat' dir='ltr'>fuga</span> <span class='ocrx_word' id='word_1_130' title='bbox 1280 1135 1500 1186; x_wconf 88' lang='lat' dir='ltr'>recepisset,</span> <span class='ocrx_word' id='word_1_131' title='bbox 1524 1144 1561 1177; x_wconf 89' lang='lat'>15</span> 
     </span>
     <span class='ocr_line' id='line_1_17' title="bbox 175 1200 1501 1250; baseline 0.002 -14"><span class='ocrx_word' id='word_1_132' title='bbox 175 1213 223 1237; x_wconf 90' lang='lat' dir='ltr'>ne</span> <span class='ocrx_word' id='word_1_133' title='bbox 245 1213 373 1237; x_wconf 90' lang='lat' dir='ltr'>rursus</span> <span class='ocrx_word' id='word_1_134' title='bbox 394 1200 528 1250; x_wconf 88' lang='lat' dir='ltr'>copias</span> <span class='ocrx_word' id='word_1_135' title='bbox 549 1214 775 1250; x_wconf 88' lang='lat' dir='ltr'>comparare</span> <span class='ocrx_word' id='word_1_136' title='bbox 796 1200 890 1239; x_wconf 88' lang='lat' dir='ltr'>alias</span> <span class='ocrx_word' id='word_1_137' title='bbox 911 1208 949 1239; x_wconf 88' lang='lat' dir='ltr'>et</span> <span class='ocrx_word' id='word_1_138' title='bbox 972 1201 1120 1239; x_wconf 89' lang='lat' dir='ltr'>bellum</span> <span class='ocrx_word' id='word_1_139' title='bbox 1142 1214 1328 1239; x_wconf 89' lang='lat' dir='ltr'>renovare</span> <span class='ocrx_word' id='word_1_140' title='bbox 1356 1208 1501 1250; x_wconf 88' lang='lat' dir='ltr'>posset,</span> 
     </span>
     <span class='ocr_line' id='line_1_18' title="bbox 175 1264 1505 1316; baseline 0.001 -14"><span class='ocrx_word' id='word_1_141' title='bbox 175 1272 211 1302; x_wconf 89' lang='lat' dir='ltr'>et</span> <span class='ocrx_word' id='word_1_142' title='bbox 233 1272 598 1315; x_wconf 89' lang='lat' dir='ltr'>quantumcumque</span> <span class='ocrx_word' id='word_1_143' title='bbox 626 1265 773 1303; x_wconf 91' lang='lat' dir='ltr'>itineris</span> <span class='ocrx_word' id='word_1_144' title='bbox 801 1265 978 1316; x_wconf 90' lang='lat' dir='ltr'>equitatu</span> <span class='ocrx_word' id='word_1_145' title='bbox 1007 1266 1158 1304; x_wconf 84' lang='lat' dir='ltr'>efficere</span> <span class='ocrx_word' id='word_1_146' title='bbox 1187 1273 1338 1315; x_wconf 88' lang='lat' dir='ltr'>poterat</span> <span class='ocrx_word' id='word_1_147' title='bbox 1359 1264 1505 1304; x_wconf 88' lang='lat' dir='ltr'>cotidie</span> 
     </span>
     <span class='ocr_line' id='line_1_19' title="bbox 174 1329 1506 1380; baseline 0.001 -13"><span class='ocrx_word' id='word_1_148' title='bbox 174 1329 494 1379; x_wconf 87' lang='lat' dir='ltr'>progrediebatur</span> <span class='ocrx_word' id='word_1_149' title='bbox 515 1330 791 1380; x_wconf 89' lang='lat' dir='ltr'>legionemque</span> <span class='ocrx_word' id='word_1_150' title='bbox 812 1344 931 1369; x_wconf 89' lang='lat' dir='ltr'>unam</span> <span class='ocrx_word' id='word_1_151' title='bbox 954 1330 1171 1370; x_wconf 88' lang='lat' dir='ltr'>minoribus</span> <span class='ocrx_word' id='word_1_152' title='bbox 1191 1329 1393 1369; x_wconf 88' lang='lat' dir='ltr'>itineribus</span> <span class='ocrx_word' id='word_1_153' title='bbox 1418 1330 1506 1368; x_wconf 87' lang='lat' dir='ltr'>sub-</span> 
     </span>
    </p>

    <p class='ocr_par' dir='ltr' id='par_1_7' title="bbox 138 1393 1567 1510">
     <span class='ocr_line' id='line_1_20' title="bbox 138 1393 1506 1445; baseline 0 -13"><span class='ocrx_word' id='word_1_154' title='bbox 138 1411 152 1432; x_wconf 88' lang='lat'><em>2</em></span> <span class='ocrx_word' id='word_1_155' title='bbox 175 1393 284 1443; x_wconf 86' lang='lat' dir='ltr'>sequi</span> <span class='ocrx_word' id='word_1_156' title='bbox 323 1394 441 1433; x_wconf 88' lang='lat' dir='ltr'>iussit.</span> <span class='ocrx_word' id='word_1_157' title='bbox 522 1397 614 1432; x_wconf 87' lang='lat' dir='ltr'>Erat</span> <span class='ocrx_word' id='word_1_158' title='bbox 653 1395 826 1434; x_wconf 86' lang='lat' dir='ltr'>edictum</span> <span class='ocrx_word' id='word_1_159' title='bbox 868 1395 1031 1445; x_wconf 89' lang='lat' dir='ltr'>Pompei</span> <span class='ocrx_word' id='word_1_160' title='bbox 1076 1395 1237 1434; x_wconf 91' lang='lat' dir='ltr'>nomine</span> <span class='ocrx_word' id='word_1_161' title='bbox 1275 1393 1506 1445; x_wconf 85' lang='lat' dir='ltr'>Amphipoli</span> 
     </span>
     <span class='ocr_line' id='line_1_21' title="bbox 173 1457 1567 1510; baseline 0 -13"><span class='ocrx_word' id='word_1_162' title='bbox 173 1459 429 1509; x_wconf 89' lang='lat' dir='ltr'>propositum,</span> <span class='ocrx_word' id='word_1_163' title='bbox 471 1459 525 1497; x_wconf 91' lang='lat' dir='ltr'>uti</span> <span class='ocrx_word' id='word_1_164' title='bbox 566 1474 704 1498; x_wconf 88' lang='lat' dir='ltr'>omnes</span> <span class='ocrx_word' id='word_1_165' title='bbox 744 1460 825 1498; x_wconf 87' lang='lat' dir='ltr'>eius</span> <span class='ocrx_word' id='word_1_166' title='bbox 871 1459 1094 1510; x_wconf 87' lang='lat' dir='ltr'>provinciae</span> <span class='ocrx_word' id='word_1_167' title='bbox 1142 1459 1323 1506; x_wconf 89' lang='lat' dir='ltr'>iuniores,</span> <span class='ocrx_word' id='word_1_168' title='bbox 1366 1457 1506 1498; x_wconf 88' lang='lat' dir='ltr'>Graeci</span> <span class='ocrx_word' id='word_1_169' title='bbox 1527 1468 1567 1490; x_wconf 88' lang='lat'>²0</span> 
     </span>
    </p>

    <p class='ocr_par' dir='ltr' id='par_1_8' title="bbox 138 1522 1506 1770">
     <span class='ocr_line' id='line_1_22' title="bbox 138 1522 1504 1574; baseline 0 -13"><span class='ocrx_word' id='word_1_170' title='bbox 138 1537 155 1567; x_wconf 79' lang='lat'>3</span> <span class='ocrx_word' id='word_1_171' title='bbox 174 1522 357 1574; x_wconf 87' lang='lat' dir='ltr'>civesque</span> <span class='ocrx_word' id='word_1_172' title='bbox 390 1524 571 1571; x_wconf 87' lang='lat' dir='ltr'>Romani,</span> <span class='ocrx_word' id='word_1_173' title='bbox 605 1525 757 1564; x_wconf 87' lang='lat' dir='ltr'>iurandi</span> <span class='ocrx_word' id='word_1_174' title='bbox 789 1539 906 1563; x_wconf 87' lang='lat' dir='ltr'>causa</span> <span class='ocrx_word' id='word_1_175' title='bbox 935 1525 1200 1563; x_wconf 87' lang='lat' dir='ltr'>convenirent.</span> <span class='ocrx_word' id='word_1_176' title='bbox 1267 1525 1345 1563; x_wconf 88' lang='lat' dir='ltr'>Sed</span> <span class='ocrx_word' id='word_1_177' title='bbox 1375 1532 1504 1562; x_wconf 92' lang='lat' dir='ltr'>utrum</span> 
     </span>
     <span class='ocr_line' id='line_1_23' title="bbox 174 1589 1505 1640; baseline 0.001 -14"><span class='ocrx_word' id='word_1_178' title='bbox 174 1590 409 1627; x_wconf 71' lang='lat' dir='ltr'>avertendae</span> <span class='ocrx_word' id='word_1_179' title='bbox 449 1589 682 1639; x_wconf 86' lang='lat' dir='ltr'>suspicionis</span> <span class='ocrx_word' id='word_1_180' title='bbox 722 1603 840 1628; x_wconf 86' lang='lat' dir='ltr'>causa</span> <span class='ocrx_word' id='word_1_181' title='bbox 886 1589 1098 1639; x_wconf 88' lang='lat' dir='ltr'>Pompeius</span> <span class='ocrx_word' id='word_1_182' title='bbox 1145 1589 1421 1640; x_wconf 85' lang='lat' dir='ltr'>proposuisset,</span> <span class='ocrx_word' id='word_1_183' title='bbox 1464 1597 1505 1627; x_wconf 91' lang='lat' dir='ltr'>ut</span> 
     </span>
     <span class='ocr_line' id='line_1_24' title="bbox 175 1653 1505 1705; baseline 0 -14"><span class='ocrx_word' id='word_1_184' title='bbox 175 1667 292 1703; x_wconf 90' lang='lat' dir='ltr'>quam</span> <span class='ocrx_word' id='word_1_185' title='bbox 325 1653 543 1692; x_wconf 88' lang='lat' dir='ltr'>diutissime</span> <span class='ocrx_word' id='word_1_186' title='bbox 574 1654 759 1705; x_wconf 88' lang='lat' dir='ltr'>longioris</span> <span class='ocrx_word' id='word_1_187' title='bbox 798 1656 912 1704; x_wconf 87' lang='lat' dir='ltr'>fugae</span> <span class='ocrx_word' id='word_1_188' title='bbox 951 1654 1158 1693; x_wconf 88' lang='lat' dir='ltr'>consilium</span> <span class='ocrx_word' id='word_1_189' title='bbox 1197 1655 1420 1701; x_wconf 86' lang='lat' dir='ltr'>occultaret,</span> <span class='ocrx_word' id='word_1_190' title='bbox 1455 1668 1505 1691; x_wconf 92' lang='lat' dir='ltr'>an</span> 
     </span>
     <span class='ocr_line' id='line_1_25' title="bbox 176 1718 1506 1770; baseline 0 -14"><span class='ocrx_word' id='word_1_191' title='bbox 176 1718 285 1756; x_wconf 84' lang='lat' dir='ltr'>novis</span> <span class='ocrx_word' id='word_1_192' title='bbox 325 1718 544 1766; x_wconf 85' lang='lat' dir='ltr'>dilectibus,</span> <span class='ocrx_word' id='word_1_193' title='bbox 587 1719 616 1757; x_wconf 89' lang='lat' dir='ltr'>si</span> <span class='ocrx_word' id='word_1_194' title='bbox 656 1733 774 1758; x_wconf 90' lang='lat' dir='ltr'>nemo</span> <span class='ocrx_word' id='word_1_195' title='bbox 813 1727 1015 1770; x_wconf 85' lang='lat' dir='ltr'>premeret,</span> <span class='ocrx_word' id='word_1_196' title='bbox 1059 1718 1339 1758; x_wconf 89' lang='lat' dir='ltr'>Macedoniarn</span> <span class='ocrx_word' id='word_1_197' title='bbox 1373 1726 1506 1757; x_wconf 89' lang='lat' dir='ltr'>tenere</span> 
     </span>
    </p>

    <p class='ocr_par' dir='ltr' id='par_1_9' title="bbox 136 1783 1565 2029">
     <span class='ocr_line' id='line_1_26' title="bbox 136 1783 1565 1835; baseline -0.001 -11"><span class='ocrx_word' id='word_1_198' title='bbox 136 1796 154 1824; x_wconf 71' lang='lat'>4</span> <span class='ocrx_word' id='word_1_199' title='bbox 174 1791 390 1830; x_wconf 86' lang='lat' dir='ltr'>conaretur,</span> <span class='ocrx_word' id='word_1_200' title='bbox 424 1783 633 1822; x_wconf 84' lang='lat' dir='ltr'>existimari</span> <span class='ocrx_word' id='word_1_201' title='bbox 668 1799 748 1823; x_wconf 92' lang='lat' dir='ltr'>non</span> <span class='ocrx_word' id='word_1_202' title='bbox 786 1792 947 1835; x_wconf 90' lang='lat' dir='ltr'>poterat.</span> <span class='ocrx_word' id='word_1_203' title='bbox 1009 1786 1100 1835; x_wconf 91' lang='lat' dir='ltr'>Ipse</span> <span class='ocrx_word' id='word_1_204' title='bbox 1130 1785 1181 1823; x_wconf 91' lang='lat' dir='ltr'>ad</span> <span class='ocrx_word' id='word_1_205' title='bbox 1212 1797 1396 1822; x_wconf 88' lang='lat' dir='ltr'>ancoram</span> <span class='ocrx_word' id='word_1_206' title='bbox 1427 1797 1507 1822; x_wconf 88' lang='lat' dir='ltr'>una</span> <span class='ocrx_word' id='word_1_207' title='bbox 1527 1792 1565 1824; x_wconf 85' lang='lat'>25</span> 
     </span>
     <span class='ocr_line' id='line_1_27' title="bbox 176 1849 1507 1900; baseline 0.002 -15"><span class='ocrx_word' id='word_1_208' title='bbox 176 1855 291 1886; x_wconf 89' lang='lat' dir='ltr'>nocte</span> <span class='ocrx_word' id='word_1_209' title='bbox 324 1849 498 1887; x_wconf 89' lang='lat' dir='ltr'>constitit</span> <span class='ocrx_word' id='word_1_210' title='bbox 531 1857 569 1888; x_wconf 90' lang='lat' dir='ltr'>et</span> <span class='ocrx_word' id='word_1_211' title='bbox 600 1850 748 1888; x_wconf 86' lang='lat' dir='ltr'>vocatis</span> <span class='ocrx_word' id='word_1_212' title='bbox 779 1852 830 1889; x_wconf 87' lang='lat' dir='ltr'>acl</span> <span class='ocrx_word' id='word_1_213' title='bbox 862 1864 903 1889; x_wconf 93' lang='lat' dir='ltr'>se</span> <span class='ocrx_word' id='word_1_214' title='bbox 938 1849 1170 1900; x_wconf 89' lang='lat' dir='ltr'>Amphipoli</span> <span class='ocrx_word' id='word_1_215' title='bbox 1208 1849 1429 1900; x_wconf 90' lang='lat' dir='ltr'>hospitibus</span> <span class='ocrx_word' id='word_1_216' title='bbox 1460 1852 1507 1887; x_wconf 71' lang='lat' dir='ltr'>&#39;et</span> 
     </span>
     <span class='ocr_line' id='line_1_28' title="bbox 176 1913 1507 1965; baseline 0.002 -15"><span class='ocrx_word' id='word_1_217' title='bbox 176 1913 343 1962; x_wconf 85' lang='lat' dir='ltr'>pecunia</span> <span class='ocrx_word' id='word_1_218' title='bbox 392 1915 442 1952; x_wconf 88' lang='lat' dir='ltr'>ad</span> <span class='ocrx_word' id='word_1_219' title='bbox 497 1915 737 1954; x_wconf 87' lang='lat' dir='ltr'>necessarios</span> <span class='ocrx_word' id='word_1_220' title='bbox 793 1922 972 1965; x_wconf 90' lang='lat' dir='ltr'>sumptus</span> <span class='ocrx_word' id='word_1_221' title='bbox 1021 1922 1222 1965; x_wconf 88' lang='lat' dir='ltr'>corrogata</span> <span class='ocrx_word' id='word_1_222' title='bbox 1269 1914 1507 1964; x_wconf 88' lang='lat' dir='ltr'>cognitoque</span> 
     </span>
     <span class='ocr_line' id='line_1_29' title="bbox 176 1978 1507 2029; baseline 0.002 -14"><span class='ocrx_word' id='word_1_223' title='bbox 176 1978 352 2016; x_wconf 87' lang='lat' dir='ltr'>Caesaris</span> <span class='ocrx_word' id='word_1_224' title='bbox 382 1980 555 2017; x_wconf 87' lang='lat' dir='ltr'>adventu</span> <span class='ocrx_word' id='word_1_225' title='bbox 585 1994 631 2018; x_wconf 88' lang='lat' dir='ltr'>ex</span> <span class='ocrx_word' id='word_1_226' title='bbox 661 1994 708 2019; x_wconf 89' lang='lat' dir='ltr'>eo</span> <span class='ocrx_word' id='word_1_227' title='bbox 738 1981 827 2018; x_wconf 90' lang='lat' dir='ltr'>loco</span> <span class='ocrx_word' id='word_1_228' title='bbox 857 1979 1035 2018; x_wconf 89' lang='lat' dir='ltr'>discessit</span> <span class='ocrx_word' id='word_1_229' title='bbox 1064 1987 1102 2017; x_wconf 89' lang='lat' dir='ltr'>et</span> <span class='ocrx_word' id='word_1_230' title='bbox 1133 1978 1343 2028; x_wconf 89' lang='lat' dir='ltr'>Mytilenas</span> <span class='ocrx_word' id='word_1_231' title='bbox 1373 1979 1507 2029; x_wconf 89' lang='lat' dir='ltr'>paucis</span> 
     </span>
    </p>

    <p class='ocr_par' dir='ltr' id='par_1_10' title="bbox 136 2041 1569 2159">
     <span class='ocr_line' id='line_1_30' title="bbox 136 2041 1507 2094; baseline 0.001 -14"><span class='ocrx_word' id='word_1_232' title='bbox 136 2056 152 2087; x_wconf 85' lang='lat'>5</span> <span class='ocrx_word' id='word_1_233' title='bbox 175 2041 314 2080; x_wconf 90' lang='lat' dir='ltr'>diebus</span> <span class='ocrx_word' id='word_1_234' title='bbox 336 2043 451 2081; x_wconf 87' lang='lat' dir='ltr'>venit.</span> <span class='ocrx_word' id='word_1_235' title='bbox 515 2044 687 2083; x_wconf 88' lang='lat' dir='ltr'>Biduum</span> <span class='ocrx_word' id='word_1_236' title='bbox 709 2051 940 2094; x_wconf 89' lang='lat' dir='ltr'>tempestate</span> <span class='ocrx_word' id='word_1_237' title='bbox 961 2051 1133 2082; x_wconf 87' lang='lat' dir='ltr'>retentus</span> <span class='ocrx_word' id='word_1_238' title='bbox 1161 2043 1404 2093; x_wconf 88' lang='lat' dir='ltr'>navibusque</span> <span class='ocrx_word' id='word_1_239' title='bbox 1423 2043 1507 2082; x_wconf 89' lang='lat' dir='ltr'>aliis</span> 
     </span>
     <span class='ocr_line' id='line_1_31' title="bbox 174 2107 1569 2159; baseline 0.003 -15"><span class='ocrx_word' id='word_1_240' title='bbox 174 2107 318 2145; x_wconf 88' lang='lat' dir='ltr'>additis</span> <span class='ocrx_word' id='word_1_241' title='bbox 350 2108 530 2146; x_wconf 88' lang='lat' dir='ltr'>actuariis</span> <span class='ocrx_word' id='word_1_242' title='bbox 564 2109 603 2146; x_wconf 92' lang='lat' dir='ltr'>in</span> <span class='ocrx_word' id='word_1_243' title='bbox 635 2109 815 2148; x_wconf 90' lang='lat' dir='ltr'>Ciliciam</span> <span class='ocrx_word' id='word_1_244' title='bbox 844 2116 963 2159; x_wconf 87' lang='lat' dir='ltr'>atque</span> <span class='ocrx_word' id='word_1_245' title='bbox 992 2108 1085 2147; x_wconf 88' lang='lat' dir='ltr'>inde</span> <span class='ocrx_word' id='word_1_246' title='bbox 1115 2109 1288 2158; x_wconf 87' lang='lat' dir='ltr'>Cyprum</span> <span class='ocrx_word' id='word_1_247' title='bbox 1319 2107 1504 2157; x_wconf 89' lang='lat' dir='ltr'>pervenit.</span> <span class='ocrx_word' id='word_1_248' title='bbox 1528 2117 1569 2148; x_wconf 86' lang='lat'>30</span> 
     </span>
    </p>
   </div>
   <div class='ocr_carea' id='block_1_3' title="bbox 222 2211 1506 2252">
    <p class='ocr_par' dir='ltr' id='par_1_11' title="bbox 222 2211 1506 2252">
     <span class='ocr_line' id='line_1_32' title="bbox 222 2211 1506 2252; baseline 0.002 -11"><span class='ocrx_word' id='word_1_249' title='bbox 222 2221 238 2249; x_wconf 93' lang='lat'><strong>7</strong></span> <span class='ocrx_word' id='word_1_250' title='bbox 265 2211 478 2252; x_wconf 83' lang='lat' dir='ltr'>Cassianam]</span> <span class='ocrx_word' id='word_1_251' title='bbox 497 2212 647 2242; x_wconf 85' lang='lat' dir='ltr'>asianam</span> <span class='ocrx_word' id='word_1_252' title='bbox 666 2212 710 2242; x_wconf 91' lang='lat' dir='ltr'>D&#39;</span> <span class='ocrx_word' id='word_1_253' title='bbox 816 2223 838 2251; x_wconf 91' lang='lat'><strong>9</strong></span> <span class='ocrx_word' id='word_1_254' title='bbox 862 2213 1051 2251; x_wconf 82' lang='lat' dir='ltr'>deprensae</span> <span class='ocrx_word' id='word_1_255' title='bbox 1067 2211 1221 2242; x_wconf 87' lang='lat' dir='ltr'><em>DLUV:</em></span> <span class='ocrx_word' id='word_1_256' title='bbox 1249 2211 1444 2251; x_wconf 72' lang='lat' dir='ltr'>dephensae</span> <span class='ocrx_word' id='word_1_257' title='bbox 1460 2211 1506 2244; x_wconf 80' lang='lat' dir='ltr'>F:</span> 
     </span>
    </p>
   </div>
   <div class='ocr_carea' id='block_1_4' title="bbox 179 2254 1509 2382">
    <p class='ocr_par' dir='ltr' id='par_1_12' title="bbox 179 2254 1509 2382">
     <span class='ocr_line' id='line_1_33' title="bbox 179 2254 1509 2295; baseline 0.001 -10"><span class='ocrx_word' id='word_1_258' title='bbox 179 2255 364 2293; x_wconf 67' lang='lat' dir='ltr'>depsentae</span> <span class='ocrx_word' id='word_1_259' title='bbox 388 2254 431 2286; x_wconf 88' lang='lat' dir='ltr'>T:</span> <span class='ocrx_word' id='word_1_260' title='bbox 458 2260 578 2294; x_wconf 84' lang='lat' dir='ltr'>captae</span> <span class='ocrx_word' id='word_1_261' title='bbox 594 2255 641 2287; x_wconf 88' lang='lat' dir='ltr'>E:</span> <span class='ocrx_word' id='word_1_262' title='bbox 675 2256 858 2295; x_wconf 87' lang='lat' dir='ltr'>depressae</span> <span class='ocrx_word' id='word_1_263' title='bbox 879 2255 1084 2286; x_wconf 78' lang='lat' dir='ltr'>Vascosanns</span> <span class='ocrx_word' id='word_1_264' title='bbox 1218 2264 1255 2294; x_wconf 86' lang='lat'>15</span> <span class='ocrx_word' id='word_1_265' title='bbox 1279 2265 1509 2294; x_wconf 82' lang='lat' dir='ltr'>quascumque</span> 
     </span>
     <span class='ocr_line' id='line_1_34' title="bbox 180 2297 1509 2337; baseline 0.002 -10"><span class='ocrx_word' id='word_1_266' title='bbox 180 2298 237 2328; x_wconf 74' lang='lat' dir='ltr'>L&#39;:</span> <span class='ocrx_word' id='word_1_267' title='bbox 262 2308 510 2337; x_wconf 85' lang='lat' dir='ltr'>quamcumque</span> <span class='ocrx_word' id='word_1_268' title='bbox 527 2298 622 2329; x_wconf 77' lang='lat' dir='ltr'>D‘T:</span> <span class='ocrx_word' id='word_1_269' title='bbox 648 2309 860 2337; x_wconf 85' lang='lat' dir='ltr'>quacumque</span> <span class='ocrx_word' id='word_1_270' title='bbox 879 2298 911 2327; x_wconf 89' lang='lat' dir='ltr'><em>V</em></span> <span class='ocrx_word' id='word_1_271' title='bbox 1103 2303 1217 2337; x_wconf 88' lang='lat' dir='ltr'>partes</span> <span class='ocrx_word' id='word_1_272' title='bbox 1243 2297 1305 2328; x_wconf 88' lang='lat' dir='ltr'>L&#39;:</span> <span class='ocrx_word' id='word_1_273' title='bbox 1330 2303 1425 2337; x_wconf 80' lang='lat' dir='ltr'>parte</span> <span class='ocrx_word' id='word_1_274' title='bbox 1442 2298 1509 2329; x_wconf 89' lang='lat' dir='ltr'>D&#39;:</span> 
     </span>
     <span class='ocr_line' id='line_1_35' title="bbox 179 2341 1509 2382; baseline 0.002 -12"><span class='ocrx_word' id='word_1_275' title='bbox 179 2346 275 2380; x_wconf 85' lang='lat' dir='ltr'>parte</span> <span class='ocrx_word' id='word_1_276' title='bbox 314 2341 350 2370; x_wconf 78' lang='lat' dir='ltr'>T‘</span> <span class='ocrx_word' id='word_1_277' title='bbox 505 2351 545 2380; x_wconf 80' lang='lat'>25</span> <span class='ocrx_word' id='word_1_278' title='bbox 572 2342 651 2382; x_wconf 85' lang='lat' dir='ltr'>una]</span> <span class='ocrx_word' id='word_1_279' title='bbox 681 2344 746 2372; x_wconf 54' lang='lat' dir='ltr'>unffi</span> <span class='ocrx_word' id='word_1_280' title='bbox 782 2341 827 2372; x_wconf 90' lang='lat' dir='ltr'>T:</span> <span class='ocrx_word' id='word_1_281' title='bbox 864 2352 964 2372; x_wconf 87' lang='lat' dir='ltr'>unam</span> <span class='ocrx_word' id='word_1_282' title='bbox 994 2342 1020 2370; x_wconf 87' lang='lat' dir='ltr'><em>L</em></span> <span class='ocrx_word' id='word_1_283' title='bbox 1199 2342 1240 2371; x_wconf 81' lang='lat'>28</span> <span class='ocrx_word' id='word_1_284' title='bbox 1266 2341 1449 2380; x_wconf 89' lang='lat' dir='ltr'>Mytilenas</span> <span class='ocrx_word' id='word_1_285' title='bbox 1474 2352 1509 2372; x_wconf 82' lang='lat' dir='ltr'>r:</span> 
     </span>
    </p>
   </div>
   <div class='ocr_carea' id='block_1_5' title="bbox 182 2383 501 2424">
    <p class='ocr_par' dir='ltr' id='par_1_13' title="bbox 182 2383 501 2424">
     <span class='ocr_line' id='line_1_36' title="bbox 182 2383 501 2424; baseline 0.003 -11"><span class='ocrx_word' id='word_1_286' title='bbox 182 2384 391 2424; x_wconf 42' lang='lat' dir='ltr'>My&lt;ilthigyy</span> <span class='ocrx_word' id='word_1_287' title='bbox 398 2384 446 2414; x_wconf 88' lang='lat' dir='ltr'>las</span> <span class='ocrx_word' id='word_1_288' title='bbox 464 2383 501 2413; x_wconf 79' lang='grc' dir='ltr'><em>Χ</em></span> 
     </span>
    </p>
   </div>
  </div>
 </body>
</html>
