1705 2729
582 123 817 161 INCERTI
852 122 1132 160 AVCTORIs

192 235 285 272 mari
317 235 409 273 rotis
438 248 483 273 ac
515 233 873 273 machinationibus
904 233 1116 283 exprimere
1147 233 1376 272 contendit:
1416 234 1518 271 hanc

190 298 284 336 locis
306 299 569 348 superioribus
591 299 753 336 fundere
778 298 817 335 in
845 306 993 348 partem
1017 297 1193 335 Caesaris
1222 311 1302 336 non
1333 297 1519 336 intermit-

152 379 166 399 2
190 363 306 400 tebat.
368 364 498 411 Quam
526 364 579 401 ob
600 375 758 401 causam
787 362 922 400 salsior
947 364 1066 412 paulo
1093 369 1243 412 praeter
1269 362 1518 401 consuetudi-

189 439 281 464 nem
315 441 417 476 aqua
455 428 680 466 trahebatur
718 441 764 465 ex
802 426 987 476 proximis
1026 426 1214 464 aedificiis
1254 440 1517 476 magnamque

188 490 416 529 hominibus
444 492 745 530 admirationem
775 492 998 541 praebebat,
1023 504 1140 541 quam
1166 492 1218 529 ob
1245 504 1326 529 rem
1354 491 1394 529 id
1420 491 1516 530 acci·
1536 507 1554 539 5

188 555 335 603 disset3
378 569 451 594 nec
491 556 582 594 satis
621 556 695 594 sibi
734 555 807 606 ipsi
847 556 1070 602 credebant,
1107 569 1197 593 cum
1237 568 1278 594 se
1316 555 1516 594 inferiores

188 619 363 658 eiusdem
397 621 547 670 generis
582 635 627 659 ac
662 621 809 671 saporis
843 634 945 670 aqua
979 620 1153 659 dicerent
1186 619 1241 658 uti
1276 627 1394 670 atque
1427 628 1517 658 ante

187 693 452 732 consuessent,
480 687 676 736 vulgoque
707 685 806 723 inter
840 699 881 723 se
915 686 1170 724 conferebant
1199 692 1237 723 et
1270 685 1517 734 degustando

150 763 167 794 3
188 755 378 797 quantum
414 749 514 788 inter
553 764 593 788 se
632 750 831 789 differrent
865 763 990 800 aquae
1017 750 1318 799 cognoscebant.
1393 751 1517 788 Parvo

187 826 279 851 vero
299 814 486 863 temporis
509 814 636 864 spatio
657 816 753 853 haec
774 814 933 865 propior
954 814 1035 853 bibi
1058 813 1221 852 omnino
1242 827 1323 852 non
1350 821 1512 864 poterat,
1539 831 1578 854 10

187 876 252 915 illa
272 877 428 916 inferior
448 879 666 929 corruptior
686 879 763 917 iam
785 879 999 928 salsiorque
1020 878 1291 928 reperiebatur.

142 943 164 982 7
242 942 334 990 Quo
368 943 470 981 facto
504 943 753 982 dubitatione
787 944 940 981 sublata
974 950 1104 981 tantus
1136 942 1295 981 incessit
1328 942 1445 981 timor
1474 952 1515 982 ut

186 1006 237 1043 ad
257 1014 473 1045 extremum
496 1006 664 1060 [casum]
687 1007 847 1058 periculi
875 1021 1013 1046 omnes
1040 1007 1200 1046 deducti
1221 1006 1444 1046 viderentur
1463 1015 1516 1046 at-

186 1083 263 1119 que
289 1070 352 1108 alii
381 1072 519 1110 morari
549 1074 757 1112 Caesarem
783 1072 958 1111 dicerent
987 1072 1082 1122 quin
1113 1072 1222 1110 navis
1249 1073 1515 1111 conscendere

185 1134 374 1182 iuberent,
395 1136 458 1175 alii
481 1139 605 1175 multo
625 1137 778 1187 gravius
799 1136 1106 1183 extimescerent,
1125 1137 1234 1186 quod
1255 1150 1384 1187 neque
1400 1137 1514 1175 celari
1537 1154 1574 1185 15

186 1200 440 1238 Alexandrini
477 1210 637 1251 possent
672 1202 710 1239 in
747 1202 972 1251 apparanda
1010 1202 1110 1251 fuga,
1147 1214 1236 1239 cum
1277 1208 1356 1239 tam
1396 1215 1515 1252 parvo

186 1263 312 1313 spatio
347 1265 535 1304 distarent
570 1267 620 1304 ab
656 1265 758 1316 ipsis,
794 1279 923 1315 neque
958 1265 1031 1303 illis
1066 1265 1364 1304 imminentibus
1397 1274 1516 1316 atque

148 1338 162 1359 2
186 1326 486 1378 insequentibus
508 1331 608 1368 ullus
630 1330 669 1367 in
697 1330 806 1368 navis
833 1338 1012 1380 receptus
1039 1331 1204 1368 daretur.
1265 1332 1357 1369 Erat
1383 1339 1514 1369 autem

185 1405 326 1442 magna
366 1394 577 1433 multitudo
617 1394 905 1445 oppidanorum
946 1395 984 1432 in
1024 1402 1131 1444 parte
1171 1394 1358 1441 Caesaris,
1395 1408 1514 1445 quam

185 1456 393 1495 domiciliis
425 1458 598 1508 ipsorum
626 1473 706 1497 non
736 1467 919 1505 moverat,
944 1460 1052 1508 quod
1073 1472 1118 1497 ea
1139 1472 1179 1497 se
1202 1460 1357 1498 fidelem
1385 1462 1514 1510 palam
1536 1477 1576 1499 20

184 1521 325 1559 nostris
360 1535 444 1561 esse
480 1522 689 1561 simulabat
724 1531 762 1561 et
796 1523 1006 1562 descivisse
1037 1537 1059 1561 a
1093 1523 1171 1561 suis
1203 1523 1432 1563 videbatur:
1476 1534 1514 1563 at

184 1585 280 1623 mihi
310 1588 348 1623 ss
371 1587 611 1626 defendendi
643 1595 772 1626 essent
803 1587 1058 1626 Alexandrini
1089 1601 1217 1637 neque
1247 1589 1403 1626 fallaces
1430 1602 1515 1628 esse

148 1662 165 1692 3
185 1663 313 1700 neque
330 1652 532 1697 temerarii,
551 1653 673 1690 multa
692 1652 816 1690 oratio
837 1653 975 1690 frustra
995 1652 1264 1690 absumeretur
1277 1666 1287 1699 3
1316 1666 1406 1691 cum
1423 1667 1514 1693 vero

186 1727 265 1752 uno
290 1722 465 1766 tempore
496 1724 533 1754 et
557 1716 665 1754 natio
685 1730 820 1755 eorum
848 1724 885 1754 et
916 1724 1053 1754 natura
1077 1724 1344 1766 cognoscatur,
1367 1718 1515 1768 aptissi—

187 1793 295 1817 mum
317 1793 400 1819 esse
421 1782 496 1819 hoc
516 1795 639 1831 genus
660 1782 710 1820 ad
731 1781 995 1831 proditionem
1017 1780 1196 1819 dubitare
1216 1795 1334 1820 nemo
1354 1790 1493 1832 potest.
1535 1801 1572 1834 25

144 1847 168 1884 8
242 1845 386 1884 Caesar
406 1858 565 1884 suorum
586 1845 767 1884 timorem
784 1845 1054 1884 consolatione
1070 1853 1107 1884 ct
1128 1845 1277 1884 ratione
1299 1846 1511 1886 minuebat.

187 1909 290 1947 Nam
313 1910 439 1959 puteis
460 1910 572 1948 fossis
594 1924 737 1961 aquam
760 1912 916 1950 dulcem
945 1910 1101 1960 reperiri
1122 1923 1238 1960 posse
1257 1911 1513 1950 adfirmabat:

184 1973 317 2012 omnia
351 1974 457 2012 enim
492 1974 604 2013 litora
635 1975 859 2014 naturaliter
893 1989 1018 2025 aquae
1052 1975 1178 2013 dulcis
1207 1988 1326 2013 venas
1355 1976 1510 2014 habere.

147 2051 161 2072 2
185 2038 305 2086 Quod
340 2038 371 2075 si
405 2038 479 2077 alia
514 2047 616 2078 esset
651 2039 773 2078 litoris
808 2039 975 2090 Aegypti
1015 2047 1152 2077 natura
1182 2047 1300 2089 atque
1334 2039 1512 2079 omnium

183 2102 432 2152 reliquorum,
466 2111 608 2151 tamen,
643 2104 829 2154 quoniam
871 2117 975 2142 mare
1010 2104 1129 2142 libere
1164 2111 1350 2150 tenerent,
1383 2117 1513 2154 neque
1530 2117 1573 2149 30

228 2216 265 2245 15
290 2206 446 2237 iuberent
464 2206 540 2237 DT‘
559 2219 565 2238 :
600 2207 731 2238 iuberet
754 2207 830 2238 EU'
916 2211 991 2248 post
1014 2208 1277 2240 extimescerent
1299 2207 1373 2240 add.
1399 2219 1511 2239 casum

181 2249 317 2279 EU'T‘:
345 2259 475 2280 cassum
488 2250 539 2280 D:
566 2250 623 2282 del.
637 2251 773 2290 Haupt:
801 2261 955 2282 rasuram
968 2261 1004 2290 17
1018 2251 1199 2282 litterarum
1210 2252 1303 2283 habet
1319 2252 1348 2282 T
1422 2262 1459 2282 21
1479 2257 1512 2283 at

181 2293 262 2322 mihi
281 2293 308 2322 si
328 2292 485 2333 Madvig:
512 2299 547 2324 ut
566 2294 644 2324 mihi
663 2293 701 2323 X
786 2304 823 2325 21
851 2299 886 2324 ut
904 2319 910 2325 .
931 2319 937 2325 .
958 2319 964 2325 .
986 2304 1026 2333 25
1044 2299 1154 2334 potest
1168 2294 1226 2326 del.
1243 2295 1367 2334 Gruter,
1381 2295 1514 2326 Krauer

181 2346 221 2365 22
246 2346 323 2367 esse
347 2336 542 2376 Nipperdqv:
577 2342 692 2368 essent
719 2336 757 2367 X
852 2348 892 2377 23
918 2338 1019 2368 multa
1050 2337 1244 2369 Manutius:
1281 2339 1450 2378 multaque
1477 2338 1515 2368 X

182 2380 223 2408 26
240 2379 430 2411 conlatione
454 2380 482 2410 T
