<?xml version="1.0" encoding="UTF-8"?>
<!DOCTYPE html PUBLIC "-//W3C//DTD XHTML 1.0 Transitional//EN"
    "http://www.w3.org/TR/xhtml1/DTD/xhtml1-transitional.dtd">
<html xmlns="http://www.w3.org/1999/xhtml" xml:lang="en" lang="en">
 <head>
  <title>
</title>
<meta http-equiv="Content-Type" content="text/html;charset=utf-8" />
  <meta name='ocr-system' content='tesseract 3.04.00' />
  <meta name='ocr-capabilities' content='ocr_page ocr_carea ocr_par ocr_line ocrx_word'/>
</head>
<body>
  <div class='ocr_page' id='page_1' title='image "./commentariorumpa02caesuoft_0216.png"; bbox 0 0 1705 2729; ppageno 0'>
   <div class='ocr_carea' id='block_1_1' title="bbox 584 135 1132 175">
    <p class='ocr_par' dir='ltr' id='par_1_1' title="bbox 584 135 1132 175">
     <span class='ocr_line' id='line_1_1' title="bbox 584 135 1132 175; baseline -0.002 -1"><span class='ocrx_word' id='word_1_1' title='bbox 584 137 819 175; x_wconf 86' lang='lat' dir='ltr'>INCERTI</span> <span class='ocrx_word' id='word_1_2' title='bbox 851 135 1132 175; x_wconf 73' lang='lat' dir='ltr'>AVCTORIS</span> 
     </span>
    </p>
   </div>
   <div class='ocr_carea' id='block_1_2' title="bbox 152 246 1520 814">
    <p class='ocr_par' dir='ltr' id='par_1_2' title="bbox 152 246 1520 814">
     <span class='ocr_line' id='line_1_2' title="bbox 152 246 1520 297; baseline -0.001 -12"><span class='ocrx_word' id='word_1_3' title='bbox 152 264 178 291; x_wconf 84' lang='lat'>2</span> <span class='ocrx_word' id='word_1_4' title='bbox 250 247 489 297; x_wconf 84' lang='lat' dir='ltr'>Legionibus</span> <span class='ocrx_word' id='word_1_5' title='bbox 520 247 693 285; x_wconf 79' lang='lat' dir='ltr'>collectis</span> <span class='ocrx_word' id='word_1_6' title='bbox 724 259 763 284; x_wconf 82' lang='lat' dir='ltr'>vi</span> <span class='ocrx_word' id='word_1_7' title='bbox 797 255 834 285; x_wconf 90' lang='lat' dir='ltr'>et</span> <span class='ocrx_word' id='word_1_8' title='bbox 865 247 1041 297; x_wconf 82' lang='lat' dir='ltr'>equitum</span> <span class='ocrx_word' id='word_1_9' title='bbox 1073 259 1101 284; x_wconf 93' lang='lat'>11</span> <span class='ocrx_word' id='word_1_10' title='bbox 1133 246 1302 293; x_wconf 90' lang='lat' dir='ltr'>milibus,</span> <span class='ocrx_word' id='word_1_11' title='bbox 1334 255 1375 284; x_wconf 92' lang='lat' dir='ltr'>ut</span> <span class='ocrx_word' id='word_1_12' title='bbox 1405 259 1520 296; x_wconf 89' lang='lat' dir='ltr'>quae-</span> 
     </span>
     <span class='ocr_line' id='line_1_3' title="bbox 193 310 1518 361; baseline 0 -13"><span class='ocrx_word' id='word_1_13' title='bbox 193 325 271 361; x_wconf 86' lang='lat' dir='ltr'>que</span> <span class='ocrx_word' id='word_1_14' title='bbox 312 311 435 361; x_wconf 86' lang='lat' dir='ltr'>prima</span> <span class='ocrx_word' id='word_1_15' title='bbox 475 311 575 360; x_wconf 84' lang='lat' dir='ltr'>legio</span> <span class='ocrx_word' id='word_1_16' title='bbox 619 318 776 349; x_wconf 84' lang='lat' dir='ltr'>venerat</span> <span class='ocrx_word' id='word_1_17' title='bbox 816 311 855 349; x_wconf 92' lang='lat' dir='ltr'>in</span> <span class='ocrx_word' id='word_1_18' title='bbox 899 310 1007 349; x_wconf 85' lang='lat' dir='ltr'>navis</span> <span class='ocrx_word' id='word_1_19' title='bbox 1048 312 1183 360; x_wconf 84' lang='lat' dir='ltr'>longas</span> <span class='ocrx_word' id='word_1_20' title='bbox 1230 310 1518 361; x_wconf 83' lang='lat' dir='ltr'>imponebatur,</span> 
     </span>
     <span class='ocr_line' id='line_1_4' title="bbox 158 375 1519 425; baseline 0 -12"><span class='ocrx_word' id='word_1_21' title='bbox 158 390 173 411; x_wconf 88' lang='lat'><strong>2</strong></span> <span class='ocrx_word' id='word_1_22' title='bbox 195 376 346 425; x_wconf 81' lang='lat' dir='ltr'>equites</span> <span class='ocrx_word' id='word_1_23' title='bbox 375 383 507 414; x_wconf 87' lang='lat' dir='ltr'>autem</span> <span class='ocrx_word' id='word_1_24' title='bbox 537 375 577 414; x_wconf 89' lang='lat' dir='ltr'>in</span> <span class='ocrx_word' id='word_1_25' title='bbox 607 375 812 414; x_wconf 78' lang='lat' dir='ltr'>onerarias.</span> <span class='ocrx_word' id='word_1_26' title='bbox 874 377 934 414; x_wconf 93' lang='lat' dir='ltr'>Ita</span> <span class='ocrx_word' id='word_1_27' title='bbox 964 375 1151 414; x_wconf 89' lang='lat' dir='ltr'>maiorem</span> <span class='ocrx_word' id='word_1_28' title='bbox 1181 383 1330 425; x_wconf 89' lang='lat' dir='ltr'>partem</span> <span class='ocrx_word' id='word_1_29' title='bbox 1361 375 1519 413; x_wconf 91' lang='lat' dir='ltr'>navium</span> 
     </span>
     <span class='ocr_line' id='line_1_5' title="bbox 158 439 1519 491; baseline 0 -13"><span class='ocrx_word' id='word_1_30' title='bbox 158 453 177 483; x_wconf 78' lang='lat'>3</span> <span class='ocrx_word' id='word_1_31' title='bbox 193 442 426 479; x_wconf 78' lang='lat' dir='ltr'>antecedere</span> <span class='ocrx_word' id='word_1_32' title='bbox 455 440 566 478; x_wconf 88' lang='lat' dir='ltr'>iussit</span> <span class='ocrx_word' id='word_1_33' title='bbox 590 448 628 478; x_wconf 91' lang='lat' dir='ltr'>et</span> <span class='ocrx_word' id='word_1_34' title='bbox 658 440 825 478; x_wconf 90' lang='lat' dir='ltr'>insulam</span> <span class='ocrx_word' id='word_1_35' title='bbox 849 449 982 491; x_wconf 88' lang='lat' dir='ltr'>petere</span> <span class='ocrx_word' id='word_1_36' title='bbox 1003 439 1264 491; x_wconf 79' lang='lat' dir='ltr'>Aponianam,</span> <span class='ocrx_word' id='word_1_37' title='bbox 1287 453 1388 489; x_wconf 89' lang='lat' dir='ltr'>quae</span> <span class='ocrx_word' id='word_1_38' title='bbox 1407 440 1519 478; x_wconf 89' lang='lat' dir='ltr'>abest</span> 
     </span>
     <span class='ocr_line' id='line_1_6' title="bbox 192 504 1516 555; baseline 0 -12"><span class='ocrx_word' id='word_1_39' title='bbox 192 518 216 543; x_wconf 90' lang='lat' dir='ltr'>a</span> <span class='ocrx_word' id='word_1_40' title='bbox 237 504 424 554; x_wconf 85' lang='lat' dir='ltr'>Lilybaeo</span> <span class='ocrx_word' id='word_1_41' title='bbox 446 536 452 543; x_wconf 89' lang='lat'><strong><em>.</em></strong></span> <span class='ocrx_word' id='word_1_42' title='bbox 478 536 484 542; x_wconf 93' lang='lat'><em>.</em></span> <span class='ocrx_word' id='word_1_43' title='bbox 509 536 515 543; x_wconf 94' lang='lat'>.</span> <span class='ocrx_word' id='word_1_44' title='bbox 539 512 806 543; x_wconf 81' lang='lat' dir='ltr'>commoratus</span> <span class='ocrx_word' id='word_1_45' title='bbox 827 505 932 543; x_wconf 88' lang='lat' dir='ltr'>bona</span> <span class='ocrx_word' id='word_1_46' title='bbox 952 518 1168 555; x_wconf 88' lang='lat' dir='ltr'>paucorum</span> <span class='ocrx_word' id='word_1_47' title='bbox 1191 504 1327 543; x_wconf 83' lang='lat' dir='ltr'>vendit</span> <span class='ocrx_word' id='word_1_48' title='bbox 1347 504 1516 555; x_wconf 89' lang='lat' dir='ltr'>publice,</span> 
     </span>
     <span class='ocr_line' id='line_1_7' title="bbox 193 568 1519 620; baseline -0.002 -12"><span class='ocrx_word' id='word_1_49' title='bbox 193 569 338 608; x_wconf 89' lang='lat' dir='ltr'>deinde</span> <span class='ocrx_word' id='word_1_50' title='bbox 357 569 501 608; x_wconf 90' lang='lat' dir='ltr'>Alieno</span> <span class='ocrx_word' id='word_1_51' title='bbox 522 569 701 620; x_wconf 90' lang='lat' dir='ltr'>praetori,</span> <span class='ocrx_word' id='word_1_52' title='bbox 724 569 791 619; x_wconf 90' lang='lat' dir='ltr'>qui</span> <span class='ocrx_word' id='word_1_53' title='bbox 822 569 994 608; x_wconf 88' lang='lat' dir='ltr'>Siciliam</span> <span class='ocrx_word' id='word_1_54' title='bbox 1024 568 1240 615; x_wconf 84' lang='lat' dir='ltr'>obtinebat,</span> <span class='ocrx_word' id='word_1_55' title='bbox 1263 569 1313 607; x_wconf 89' lang='lat' dir='ltr'>de</span> <span class='ocrx_word' id='word_1_56' title='bbox 1333 568 1519 607; x_wconf 88' lang='lat' dir='ltr'>omnibus</span> 
     </span>
     <span class='ocr_line' id='line_1_8' title="bbox 192 633 1515 684; baseline 0 -12"><span class='ocrx_word' id='word_1_57' title='bbox 192 634 308 672; x_wconf 89' lang='lat' dir='ltr'>rebus</span> <span class='ocrx_word' id='word_1_58' title='bbox 328 634 517 684; x_wconf 83' lang='lat' dir='ltr'>praecipit</span> <span class='ocrx_word' id='word_1_59' title='bbox 546 642 584 673; x_wconf 92' lang='lat' dir='ltr'>et</span> <span class='ocrx_word' id='word_1_60' title='bbox 613 635 664 673; x_wconf 94' lang='lat' dir='ltr'>de</span> <span class='ocrx_word' id='word_1_61' title='bbox 684 634 835 684; x_wconf 91' lang='lat' dir='ltr'>reliquo</span> <span class='ocrx_word' id='word_1_62' title='bbox 856 634 1027 673; x_wconf 84' lang='lat' dir='ltr'>exercitu</span> <span class='ocrx_word' id='word_1_63' title='bbox 1057 633 1232 672; x_wconf 85' lang='lat' dir='ltr'>celeriter</span> <span class='ocrx_word' id='word_1_64' title='bbox 1260 633 1515 684; x_wconf 89' lang='lat' dir='ltr'>imponendo.</span> 
     </span>
     <span class='ocr_line' id='line_1_9' title="bbox 154 698 1520 748; baseline 0 -12"><span class='ocrx_word' id='word_1_65' title='bbox 154 713 174 744; x_wconf 89' lang='lat'>4</span> <span class='ocrx_word' id='word_1_66' title='bbox 194 699 305 737; x_wconf 88' lang='lat' dir='ltr'>Datis</span> <span class='ocrx_word' id='word_1_67' title='bbox 327 699 522 738; x_wconf 85' lang='lat' dir='ltr'>mandatis</span> <span class='ocrx_word' id='word_1_68' title='bbox 543 698 626 748; x_wconf 87' lang='lat' dir='ltr'>ipse</span> <span class='ocrx_word' id='word_1_69' title='bbox 647 712 788 737; x_wconf 87' lang='lat' dir='ltr'>navem</span> <span class='ocrx_word' id='word_1_70' title='bbox 813 698 1046 737; x_wconf 85' lang='lat' dir='ltr'>conscendit</span> <span class='ocrx_word' id='word_1_71' title='bbox 1065 711 1098 736; x_wconf 88' lang='lat' dir='ltr'>a.</span> <span class='ocrx_word' id='word_1_72' title='bbox 1123 698 1159 736; x_wconf 92' lang='lat' dir='ltr'>d.</span> <span class='ocrx_word' id='word_1_73' title='bbox 1184 709 1235 736; x_wconf 76' lang='lat' dir='ltr'>VI.</span> <span class='ocrx_word' id='word_1_74' title='bbox 1261 699 1349 736; x_wconf 88' lang='lat' dir='ltr'>Kal.</span> <span class='ocrx_word' id='word_1_75' title='bbox 1375 699 1456 736; x_wconf 92' lang='lat' dir='ltr'>Ian.</span> <span class='ocrx_word' id='word_1_76' title='bbox 1480 706 1520 737; x_wconf 92' lang='lat' dir='ltr'>et</span> 
     </span>
     <span class='ocr_line' id='line_1_10' title="bbox 155 762 1519 814; baseline -0.001 -12"><span class='ocrx_word' id='word_1_77' title='bbox 155 780 172 810; x_wconf 87' lang='lat'><strong>5</strong></span> <span class='ocrx_word' id='word_1_78' title='bbox 192 763 358 814; x_wconf 90' lang='lat' dir='ltr'>reliquas</span> <span class='ocrx_word' id='word_1_79' title='bbox 379 763 488 802; x_wconf 74' lang='lat' dir='ltr'>navis</span> <span class='ocrx_word' id='word_1_80' title='bbox 504 763 634 802; x_wconf 89' lang='lat' dir='ltr'>statim</span> <span class='ocrx_word' id='word_1_81' title='bbox 656 771 714 802; x_wconf 90' lang='lat' dir='ltr'>est</span> <span class='ocrx_word' id='word_1_82' title='bbox 734 771 980 802; x_wconf 85' lang='lat' dir='ltr'>consecutus.</span> <span class='ocrx_word' id='word_1_83' title='bbox 1042 764 1103 801; x_wconf 92' lang='lat' dir='ltr'>Ita</span> <span class='ocrx_word' id='word_1_84' title='bbox 1122 771 1241 801; x_wconf 84' lang='lat' dir='ltr'>vento</span> <span class='ocrx_word' id='word_1_85' title='bbox 1261 770 1368 802; x_wconf 90' lang='lat' dir='ltr'>certo</span> <span class='ocrx_word' id='word_1_86' title='bbox 1389 762 1519 801; x_wconf 88' lang='lat' dir='ltr'>celeri-</span> 
     </span>
    </p>
   </div>
   <div class='ocr_carea' id='block_1_3' title="bbox 1539 515 1556 546">
    <p class='ocr_par' dir='ltr' id='par_1_3' title="bbox 1539 515 1556 546">
     <span class='ocr_line' id='line_1_11' title="bbox 1539 515 1556 546; baseline 0 0"><span class='ocrx_word' id='word_1_87' title='bbox 1539 515 1556 546; x_wconf 90' lang='grc'>5</span> 
     </span>
    </p>
   </div>
   <div class='ocr_carea' id='block_1_4' title="bbox 192 827 1579 879">
    <p class='ocr_par' dir='ltr' id='par_1_4' title="bbox 192 827 1579 879">
     <span class='ocr_line' id='line_1_12' title="bbox 192 827 1579 879; baseline -0.001 -13"><span class='ocrx_word' id='word_1_88' title='bbox 192 842 268 878; x_wconf 92' lang='lat' dir='ltr'>que</span> <span class='ocrx_word' id='word_1_89' title='bbox 295 828 450 879; x_wconf 79' lang='lat' dir='ltr'>navigio</span> <span class='ocrx_word' id='word_1_90' title='bbox 481 836 615 867; x_wconf 87' lang='lat' dir='ltr'>vectus</span> <span class='ocrx_word' id='word_1_91' title='bbox 643 835 732 878; x_wconf 91' lang='lat' dir='ltr'>post</span> <span class='ocrx_word' id='word_1_92' title='bbox 761 828 867 867; x_wconf 86' lang='lat' dir='ltr'>diem</span> <span class='ocrx_word' id='word_1_93' title='bbox 897 836 1079 878; x_wconf 86' lang='lat' dir='ltr'>quartum</span> <span class='ocrx_word' id='word_1_94' title='bbox 1108 841 1199 866; x_wconf 92' lang='lat' dir='ltr'>cum</span> <span class='ocrx_word' id='word_1_95' title='bbox 1229 827 1354 878; x_wconf 86' lang='lat' dir='ltr'>longis</span> <span class='ocrx_word' id='word_1_96' title='bbox 1384 827 1517 878; x_wconf 87' lang='lat' dir='ltr'>paucis</span> <span class='ocrx_word' id='word_1_97' title='bbox 1539 843 1579 864; x_wconf 85' lang='lat'>10</span> 
     </span>
    </p>
   </div>
   <div class='ocr_carea' id='block_1_5' title="bbox 146 892 1518 1461">
    <p class='ocr_par' dir='ltr' id='par_1_5' title="bbox 191 892 1518 1008">
     <span class='ocr_line' id='line_1_13' title="bbox 191 892 1518 943; baseline -0.001 -12"><span class='ocrx_word' id='word_1_98' title='bbox 191 893 355 932; x_wconf 79' lang='lat' dir='ltr'>navibus</span> <span class='ocrx_word' id='word_1_99' title='bbox 387 893 427 931; x_wconf 92' lang='lat' dir='ltr'>in</span> <span class='ocrx_word' id='word_1_100' title='bbox 462 900 720 943; x_wconf 89' lang='lat' dir='ltr'>conspectum</span> <span class='ocrx_word' id='word_1_101' title='bbox 754 892 911 931; x_wconf 89' lang='lat' dir='ltr'>Africae</span> <span class='ocrx_word' id='word_1_102' title='bbox 945 892 1076 940; x_wconf 79' lang='lat' dir='ltr'>venit3</span> <span class='ocrx_word' id='word_1_103' title='bbox 1118 905 1290 942; x_wconf 89' lang='lat' dir='ltr'>namque</span> <span class='ocrx_word' id='word_1_104' title='bbox 1319 892 1518 931; x_wconf 89' lang='lat' dir='ltr'>onerariae</span> 
     </span>
     <span class='ocr_line' id='line_1_14' title="bbox 191 956 1518 1008; baseline -0.002 -12"><span class='ocrx_word' id='word_1_105' title='bbox 191 957 362 1008; x_wconf 89' lang='lat' dir='ltr'>reliquae</span> <span class='ocrx_word' id='word_1_106' title='bbox 397 965 548 1008; x_wconf 89' lang='lat' dir='ltr'>praeter</span> <span class='ocrx_word' id='word_1_107' title='bbox 576 970 722 1008; x_wconf 86' lang='lat' dir='ltr'>paucas</span> <span class='ocrx_word' id='word_1_108' title='bbox 751 965 870 996; x_wconf 88' lang='lat' dir='ltr'>vento</span> <span class='ocrx_word' id='word_1_109' title='bbox 900 956 1098 1008; x_wconf 83' lang='lat' dir='ltr'>dispersae</span> <span class='ocrx_word' id='word_1_110' title='bbox 1127 964 1245 1006; x_wconf 87' lang='lat' dir='ltr'>atque</span> <span class='ocrx_word' id='word_1_111' title='bbox 1267 957 1518 995; x_wconf 75' lang='lat' dir='ltr'>errabundae</span> 
     </span>
    </p>

    <p class='ocr_par' dir='ltr' id='par_1_6' title="bbox 153 1020 1518 1202">
     <span class='ocr_line' id='line_1_15' title="bbox 153 1020 1518 1073; baseline -0.001 -13"><span class='ocrx_word' id='word_1_112' title='bbox 153 1033 171 1064; x_wconf 82' lang='lat'><strong>6</strong></span> <span class='ocrx_word' id='word_1_113' title='bbox 191 1021 342 1061; x_wconf 87' lang='lat' dir='ltr'>diversa</span> <span class='ocrx_word' id='word_1_114' title='bbox 362 1023 449 1061; x_wconf 86' lang='lat' dir='ltr'>loca</span> <span class='ocrx_word' id='word_1_115' title='bbox 468 1022 673 1073; x_wconf 91' lang='lat' dir='ltr'>petierunt.</span> <span class='ocrx_word' id='word_1_116' title='bbox 734 1022 928 1073; x_wconf 89' lang='lat' dir='ltr'>Clupeam</span> <span class='ocrx_word' id='word_1_117' title='bbox 944 1023 1067 1060; x_wconf 89' lang='lat' dir='ltr'>classe</span> <span class='ocrx_word' id='word_1_118' title='bbox 1086 1020 1403 1070; x_wconf 88' lang='lat' dir='ltr'>praetervehitur‚</span> <span class='ocrx_word' id='word_1_119' title='bbox 1425 1020 1518 1059; x_wconf 90' lang='lat' dir='ltr'>dein</span> 
     </span>
     <span class='ocr_line' id='line_1_16' title="bbox 191 1084 1517 1137; baseline -0.001 -13"><span class='ocrx_word' id='word_1_120' title='bbox 191 1086 401 1136; x_wconf 82' lang='lat' dir='ltr'>Neapolim</span> <span class='ocrx_word' id='word_1_121' title='bbox 420 1101 430 1134; x_wconf 81' lang='lat'><em>3</em></span> <span class='ocrx_word' id='word_1_122' title='bbox 458 1088 662 1137; x_wconf 88' lang='lat' dir='ltr'>complura</span> <span class='ocrx_word' id='word_1_123' title='bbox 682 1094 882 1137; x_wconf 88' lang='lat' dir='ltr'>praeterea</span> <span class='ocrx_word' id='word_1_124' title='bbox 897 1087 1055 1125; x_wconf 89' lang='lat' dir='ltr'>castella</span> <span class='ocrx_word' id='word_1_125' title='bbox 1076 1092 1114 1124; x_wconf 91' lang='lat' dir='ltr'>et</span> <span class='ocrx_word' id='word_1_126' title='bbox 1133 1084 1280 1136; x_wconf 84' lang='lat' dir='ltr'>oppida</span> <span class='ocrx_word' id='word_1_127' title='bbox 1300 1098 1381 1124; x_wconf 88' lang='lat' dir='ltr'>non</span> <span class='ocrx_word' id='word_1_128' title='bbox 1401 1086 1517 1135; x_wconf 85' lang='lat' dir='ltr'>longe</span> 
     </span>
     <span class='ocr_line' id='line_1_17' title="bbox 188 1151 512 1202; baseline 0.003 -13"><span class='ocrx_word' id='word_1_129' title='bbox 188 1165 211 1189; x_wconf 89' lang='lat' dir='ltr'>a</span> <span class='ocrx_word' id='word_1_130' title='bbox 232 1151 327 1190; x_wconf 88' lang='lat' dir='ltr'>mari</span> <span class='ocrx_word' id='word_1_131' title='bbox 347 1151 512 1202; x_wconf 87' lang='lat' dir='ltr'>reliquit.</span> 
     </span>
    </p>

    <p class='ocr_par' dir='ltr' id='par_1_7' title="bbox 146 1216 1516 1461">
     <span class='ocr_line' id='line_1_18' title="bbox 146 1216 1516 1267; baseline -0.001 -12"><span class='ocrx_word' id='word_1_132' title='bbox 146 1230 170 1266; x_wconf 90' lang='lat'><strong>3</strong></span> <span class='ocrx_word' id='word_1_133' title='bbox 243 1218 459 1266; x_wconf 90' lang='lat' dir='ltr'>Postquam</span> <span class='ocrx_word' id='word_1_134' title='bbox 501 1218 795 1256; x_wconf 87' lang='lat' dir='ltr'>Hadrumetum</span> <span class='ocrx_word' id='word_1_135' title='bbox 838 1216 1013 1263; x_wconf 88' lang='lat' dir='ltr'>accessit,</span> <span class='ocrx_word' id='word_1_136' title='bbox 1053 1217 1121 1255; x_wconf 91' lang='lat' dir='ltr'>ubi</span> <span class='ocrx_word' id='word_1_137' title='bbox 1159 1216 1396 1267; x_wconf 88' lang='lat' dir='ltr'>praesidium</span> <span class='ocrx_word' id='word_1_138' title='bbox 1436 1222 1516 1253; x_wconf 90' lang='lat' dir='ltr'>erat</span> 
     </span>
     <span class='ocr_line' id='line_1_19' title="bbox 187 1279 1515 1332; baseline -0.002 -12"><span class='ocrx_word' id='word_1_139' title='bbox 187 1281 496 1320; x_wconf 86' lang='lat' dir='ltr'>adversariorum</span> <span class='ocrx_word' id='word_1_140' title='bbox 537 1282 600 1320; x_wconf 90' lang='lat' dir='ltr'>cui</span> <span class='ocrx_word' id='word_1_141' title='bbox 643 1290 818 1332; x_wconf 88' lang='lat' dir='ltr'>praeerat</span> <span class='ocrx_word' id='word_1_142' title='bbox 861 1283 905 1321; x_wconf 92' lang='lat' dir='ltr'>C.</span> <span class='ocrx_word' id='word_1_143' title='bbox 949 1281 1173 1329; x_wconf 88' lang='lat' dir='ltr'>Considius,</span> <span class='ocrx_word' id='word_1_144' title='bbox 1214 1289 1252 1320; x_wconf 94' lang='lat' dir='ltr'>et</span> <span class='ocrx_word' id='word_1_145' title='bbox 1291 1294 1314 1319; x_wconf 89' lang='lat' dir='ltr'>a</span> <span class='ocrx_word' id='word_1_146' title='bbox 1355 1279 1515 1331; x_wconf 88' lang='lat' dir='ltr'>Clupeis</span> 
     </span>
     <span class='ocr_line' id='line_1_20' title="bbox 188 1346 1516 1397; baseline 0.002 -13"><span class='ocrx_word' id='word_1_147' title='bbox 188 1348 408 1385; x_wconf 91' lang='lat' dir='ltr'>secundum</span> <span class='ocrx_word' id='word_1_148' title='bbox 438 1360 546 1385; x_wconf 88' lang='lat' dir='ltr'>oram</span> <span class='ocrx_word' id='word_1_149' title='bbox 577 1347 811 1386; x_wconf 85' lang='lat' dir='ltr'>maritimam</span> <span class='ocrx_word' id='word_1_150' title='bbox 841 1360 932 1385; x_wconf 92' lang='lat' dir='ltr'>cum</span> <span class='ocrx_word' id='word_1_151' title='bbox 962 1346 1138 1397; x_wconf 88' lang='lat' dir='ltr'>equitatu</span> <span class='ocrx_word' id='word_1_152' title='bbox 1168 1347 1516 1388; x_wconf 89' lang='lat' dir='ltr'>†Hadrumetum†</span> 
     </span>
     <span class='ocr_line' id='line_1_21' title="bbox 188 1409 1513 1461; baseline -0.002 -11"><span class='ocrx_word' id='word_1_153' title='bbox 188 1412 260 1450; x_wconf 88' lang='lat' dir='ltr'>Cn.</span> <span class='ocrx_word' id='word_1_154' title='bbox 296 1410 387 1450; x_wconf 90' lang='lat' dir='ltr'>Piso</span> <span class='ocrx_word' id='word_1_155' title='bbox 418 1424 508 1450; x_wconf 87' lang='lat' dir='ltr'>cum</span> <span class='ocrx_word' id='word_1_156' title='bbox 536 1413 766 1450; x_wconf 89' lang='lat' dir='ltr'>Maurorum</span> <span class='ocrx_word' id='word_1_157' title='bbox 798 1411 950 1450; x_wconf 88' lang='lat' dir='ltr'>circiter</span> <span class='ocrx_word' id='word_1_158' title='bbox 978 1411 1101 1450; x_wconf 91' lang='lat' dir='ltr'>tribus</span> <span class='ocrx_word' id='word_1_159' title='bbox 1131 1410 1289 1450; x_wconf 88' lang='lat' dir='ltr'>milibus</span> <span class='ocrx_word' id='word_1_160' title='bbox 1323 1409 1513 1461; x_wconf 86' lang='lat' dir='ltr'>apparuit,</span> 
     </span>
    </p>
   </div>
   <div class='ocr_carea' id='block_1_6' title="bbox 1539 1165 1576 1198">
    <p class='ocr_par' dir='ltr' id='par_1_8' title="bbox 1539 1165 1576 1198">
     <span class='ocr_line' id='line_1_22' title="bbox 1539 1165 1576 1198; baseline 0 0"><span class='ocrx_word' id='word_1_161' title='bbox 1539 1165 1576 1198; x_wconf 89' lang='lat'>15</span> 
     </span>
    </p>
   </div>
   <div class='ocr_carea' id='block_1_7' title="bbox 187 1475 1576 1527">
    <p class='ocr_par' dir='ltr' id='par_1_9' title="bbox 187 1475 1576 1527">
     <span class='ocr_line' id='line_1_23' title="bbox 187 1475 1576 1527; baseline 0 -14"><span class='ocrx_word' id='word_1_162' title='bbox 187 1475 241 1514; x_wconf 91' lang='lat' dir='ltr'>ibi</span> <span class='ocrx_word' id='word_1_163' title='bbox 262 1476 458 1526; x_wconf 89' lang='lat' dir='ltr'>paulisper</span> <span class='ocrx_word' id='word_1_164' title='bbox 479 1477 624 1516; x_wconf 86' lang='lat' dir='ltr'>Caesar</span> <span class='ocrx_word' id='word_1_165' title='bbox 643 1484 734 1515; x_wconf 88' lang='lat' dir='ltr'>ante</span> <span class='ocrx_word' id='word_1_166' title='bbox 750 1484 906 1527; x_wconf 91' lang='lat' dir='ltr'>portum</span> <span class='ocrx_word' id='word_1_167' title='bbox 924 1484 1202 1523; x_wconf 87' lang='lat' dir='ltr'>commoratus,</span> <span class='ocrx_word' id='word_1_168' title='bbox 1226 1476 1322 1515; x_wconf 91' lang='lat' dir='ltr'>dum</span> <span class='ocrx_word' id='word_1_169' title='bbox 1343 1475 1515 1526; x_wconf 88' lang='lat' dir='ltr'>reliquae</span> <span class='ocrx_word' id='word_1_170' title='bbox 1536 1489 1576 1512; x_wconf 87' lang='lat'>20</span> 
     </span>
    </p>
   </div>
   <div class='ocr_carea' id='block_1_8' title="bbox 149 1540 1515 1786">
    <p class='ocr_par' dir='ltr' id='par_1_10' title="bbox 149 1540 1515 1786">
     <span class='ocr_line' id='line_1_24' title="bbox 187 1540 1515 1592; baseline 0 -13"><span class='ocrx_word' id='word_1_171' title='bbox 187 1554 305 1580; x_wconf 88' lang='lat' dir='ltr'>naves</span> <span class='ocrx_word' id='word_1_172' title='bbox 345 1540 609 1588; x_wconf 90' lang='lat' dir='ltr'>convenirent,</span> <span class='ocrx_word' id='word_1_173' title='bbox 647 1541 807 1592; x_wconf 87' lang='lat' dir='ltr'>exponit</span> <span class='ocrx_word' id='word_1_174' title='bbox 842 1541 1065 1589; x_wconf 82' lang='lat' dir='ltr'>exercitum,</span> <span class='ocrx_word' id='word_1_175' title='bbox 1100 1541 1210 1580; x_wconf 89' lang='lat' dir='ltr'>cuius</span> <span class='ocrx_word' id='word_1_176' title='bbox 1249 1554 1435 1579; x_wconf 92' lang='lat' dir='ltr'>numerus</span> <span class='ocrx_word' id='word_1_177' title='bbox 1473 1540 1515 1579; x_wconf 89' lang='lat' dir='ltr'>in</span> 
     </span>
     <span class='ocr_line' id='line_1_25' title="bbox 186 1605 1514 1657; baseline -0.001 -12"><span class='ocrx_word' id='word_1_178' title='bbox 186 1606 405 1656; x_wconf 88' lang='lat' dir='ltr'>praesentia</span> <span class='ocrx_word' id='word_1_179' title='bbox 444 1606 515 1645; x_wconf 89' lang='lat' dir='ltr'>fuit</span> <span class='ocrx_word' id='word_1_180' title='bbox 549 1606 728 1657; x_wconf 88' lang='lat' dir='ltr'>peditum</span> <span class='ocrx_word' id='word_1_181' title='bbox 768 1618 814 1645; x_wconf 93' lang='lat'>111</span> <span class='ocrx_word' id='word_1_182' title='bbox 850 1606 967 1654; x_wconf 87' lang='lat' dir='ltr'>milia,</span> <span class='ocrx_word' id='word_1_183' title='bbox 1009 1606 1160 1657; x_wconf 88' lang='lat' dir='ltr'>equites</span> <span class='ocrx_word' id='word_1_184' title='bbox 1198 1618 1259 1653; x_wconf 90' lang='lat' dir='ltr'>CL,</span> <span class='ocrx_word' id='word_1_185' title='bbox 1300 1605 1514 1656; x_wconf 86' lang='lat' dir='ltr'>castrisque</span> 
     </span>
     <span class='ocr_line' id='line_1_26' title="bbox 185 1670 1515 1722; baseline 0 -14"><span class='ocrx_word' id='word_1_186' title='bbox 185 1678 277 1710; x_wconf 91' lang='lat' dir='ltr'>ante</span> <span class='ocrx_word' id='word_1_187' title='bbox 304 1671 496 1722; x_wconf 89' lang='lat' dir='ltr'>oppidum</span> <span class='ocrx_word' id='word_1_188' title='bbox 527 1671 663 1721; x_wconf 87' lang='lat' dir='ltr'>positis</span> <span class='ocrx_word' id='word_1_189' title='bbox 685 1671 769 1710; x_wconf 92' lang='lat' dir='ltr'>sine</span> <span class='ocrx_word' id='word_1_190' title='bbox 789 1671 928 1709; x_wconf 91' lang='lat' dir='ltr'>iniuria</span> <span class='ocrx_word' id='word_1_191' title='bbox 948 1670 1181 1721; x_wconf 89' lang='lat' dir='ltr'>cuiusquam</span> <span class='ocrx_word' id='word_1_192' title='bbox 1201 1670 1381 1710; x_wconf 90' lang='lat' dir='ltr'>consedit</span> <span class='ocrx_word' id='word_1_193' title='bbox 1409 1670 1515 1709; x_wconf 89' lang='lat' dir='ltr'>cohi-</span> 
     </span>
     <span class='ocr_line' id='line_1_27' title="bbox 149 1735 1514 1786; baseline 0.001 -13"><span class='ocrx_word' id='word_1_194' title='bbox 149 1747 163 1768; x_wconf 79' lang='lat'>:</span> <span class='ocrx_word' id='word_1_195' title='bbox 186 1736 332 1786; x_wconf 92' lang='lat' dir='ltr'>betque</span> <span class='ocrx_word' id='word_1_196' title='bbox 362 1735 489 1774; x_wconf 91' lang='lat' dir='ltr'>omnis</span> <span class='ocrx_word' id='word_1_197' title='bbox 519 1749 542 1774; x_wconf 89' lang='lat' dir='ltr'>a</span> <span class='ocrx_word' id='word_1_198' title='bbox 571 1737 725 1786; x_wconf 89' lang='lat' dir='ltr'>praeda.</span> <span class='ocrx_word' id='word_1_199' title='bbox 787 1735 988 1786; x_wconf 90' lang='lat' dir='ltr'>Oppidani</span> <span class='ocrx_word' id='word_1_200' title='bbox 1014 1735 1169 1774; x_wconf 89' lang='lat' dir='ltr'>interim</span> <span class='ocrx_word' id='word_1_201' title='bbox 1196 1748 1328 1774; x_wconf 91' lang='lat' dir='ltr'>muros</span> <span class='ocrx_word' id='word_1_202' title='bbox 1356 1735 1514 1774; x_wconf 88' lang='lat' dir='ltr'>armatis</span> 
     </span>
    </p>
   </div>
   <div class='ocr_carea' id='block_1_9' title="bbox 185 1800 1572 1851">
    <p class='ocr_par' dir='ltr' id='par_1_11' title="bbox 185 1800 1572 1851">
     <span class='ocr_line' id='line_1_28' title="bbox 185 1800 1572 1851; baseline 0.001 -13"><span class='ocrx_word' id='word_1_203' title='bbox 185 1802 396 1851; x_wconf 90' lang='lat' dir='ltr'>complent,</span> <span class='ocrx_word' id='word_1_204' title='bbox 415 1808 506 1839; x_wconf 89' lang='lat' dir='ltr'>ante</span> <span class='ocrx_word' id='word_1_205' title='bbox 526 1808 680 1851; x_wconf 88' lang='lat' dir='ltr'>portam</span> <span class='ocrx_word' id='word_1_206' title='bbox 709 1801 934 1850; x_wconf 88' lang='lat' dir='ltr'>frequentes</span> <span class='ocrx_word' id='word_1_207' title='bbox 961 1800 1175 1839; x_wconf 89' lang='lat' dir='ltr'>considunt</span> <span class='ocrx_word' id='word_1_208' title='bbox 1197 1801 1248 1839; x_wconf 91' lang='lat' dir='ltr'>ad</span> <span class='ocrx_word' id='word_1_209' title='bbox 1274 1814 1361 1839; x_wconf 90' lang='lat' dir='ltr'>sese</span> <span class='ocrx_word' id='word_1_210' title='bbox 1381 1801 1514 1839; x_wconf 88' lang='lat' dir='ltr'>defen·</span> <span class='ocrx_word' id='word_1_211' title='bbox 1533 1813 1572 1844; x_wconf 86' lang='lat'>25</span> 
     </span>
    </p>
   </div>
   <div class='ocr_carea' id='block_1_10' title="bbox 146 1865 1513 2114">
    <p class='ocr_par' dir='ltr' id='par_1_12' title="bbox 146 1865 1513 2114">
     <span class='ocr_line' id='line_1_29' title="bbox 185 1865 1509 1916; baseline 0 -13"><span class='ocrx_word' id='word_1_212' title='bbox 185 1865 389 1913; x_wconf 82' lang='lat' dir='ltr'>dendum3</span> <span class='ocrx_word' id='word_1_213' title='bbox 429 1878 597 1915; x_wconf 92' lang='lat' dir='ltr'>quorum</span> <span class='ocrx_word' id='word_1_214' title='bbox 627 1878 813 1904; x_wconf 88' lang='lat' dir='ltr'>numerus</span> <span class='ocrx_word' id='word_1_215' title='bbox 844 1866 1011 1904; x_wconf 89' lang='lat' dir='ltr'>duarum</span> <span class='ocrx_word' id='word_1_216' title='bbox 1041 1865 1240 1916; x_wconf 85' lang='lat' dir='ltr'>legionum</span> <span class='ocrx_word' id='word_1_217' title='bbox 1270 1865 1390 1904; x_wconf 86' lang='lat' dir='ltr'>instar</span> <span class='ocrx_word' id='word_1_218' title='bbox 1419 1872 1509 1904; x_wconf 87' lang='lat' dir='ltr'>erat.</span> 
     </span>
     <span class='ocr_line' id='line_1_30' title="bbox 149 1930 1513 1983; baseline 0.003 -15"><span class='ocrx_word' id='word_1_219' title='bbox 149 1937 166 1968; x_wconf 82' lang='lat'>3</span> <span class='ocrx_word' id='word_1_220' title='bbox 186 1930 330 1969; x_wconf 88' lang='lat' dir='ltr'>Caesar</span> <span class='ocrx_word' id='word_1_221' title='bbox 356 1930 503 1969; x_wconf 92' lang='lat' dir='ltr'>circum</span> <span class='ocrx_word' id='word_1_222' title='bbox 528 1931 720 1981; x_wconf 89' lang='lat' dir='ltr'>oppidum</span> <span class='ocrx_word' id='word_1_223' title='bbox 747 1940 882 1972; x_wconf 88' lang='lat' dir='ltr'>vectus</span> <span class='ocrx_word' id='word_1_224' title='bbox 907 1941 1044 1972; x_wconf 88' lang='lat' dir='ltr'>natura</span> <span class='ocrx_word' id='word_1_225' title='bbox 1070 1933 1146 1972; x_wconf 92' lang='lat' dir='ltr'>loci</span> <span class='ocrx_word' id='word_1_226' title='bbox 1174 1940 1380 1983; x_wconf 85' lang='lat' dir='ltr'>perspecta</span> <span class='ocrx_word' id='word_1_227' title='bbox 1399 1932 1513 1972; x_wconf 86' lang='lat' dir='ltr'>rediit</span> 
     </span>
     <span class='ocr_line' id='line_1_31' title="bbox 146 1994 1513 2049; baseline 0.003 -16"><span class='ocrx_word' id='word_1_228' title='bbox 146 2009 166 2039; x_wconf 89' lang='lat'>4</span> <span class='ocrx_word' id='word_1_229' title='bbox 184 1994 223 2033; x_wconf 88' lang='lat' dir='ltr'>in</span> <span class='ocrx_word' id='word_1_230' title='bbox 244 2002 378 2034; x_wconf 89' lang='lat' dir='ltr'>castra.</span> <span class='ocrx_word' id='word_1_231' title='bbox 440 1997 533 2035; x_wconf 90' lang='lat' dir='ltr'>Non</span> <span class='ocrx_word' id='word_1_232' title='bbox 554 2010 673 2036; x_wconf 91' lang='lat' dir='ltr'>nemo</span> <span class='ocrx_word' id='word_1_233' title='bbox 695 1999 833 2049; x_wconf 90' lang='lat' dir='ltr'>culpae</span> <span class='ocrx_word' id='word_1_234' title='bbox 855 1999 937 2037; x_wconf 91' lang='lat' dir='ltr'>eius</span> <span class='ocrx_word' id='word_1_235' title='bbox 958 1998 1326 2049; x_wconf 85' lang='lat' dir='ltr'>imprudentiaeque</span> <span class='ocrx_word' id='word_1_236' title='bbox 1345 1998 1513 2048; x_wconf 87' lang='lat' dir='ltr'>assigna-</span> 
     </span>
     <span class='ocr_line' id='line_1_32' title="bbox 182 2060 1511 2114; baseline 0.003 -16"><span class='ocrx_word' id='word_1_237' title='bbox 182 2060 260 2107; x_wconf 87' lang='lat' dir='ltr'>bat,</span> <span class='ocrx_word' id='word_1_238' title='bbox 293 2061 401 2110; x_wconf 91' lang='lat' dir='ltr'>quod</span> <span class='ocrx_word' id='word_1_239' title='bbox 431 2074 560 2111; x_wconf 93' lang='lat' dir='ltr'>neque</span> <span class='ocrx_word' id='word_1_240' title='bbox 588 2061 734 2100; x_wconf 88' lang='lat' dir='ltr'>circum</span> <span class='ocrx_word' id='word_1_241' title='bbox 762 2064 849 2101; x_wconf 92' lang='lat' dir='ltr'>loca</span> <span class='ocrx_word' id='word_1_242' title='bbox 871 2063 1197 2114; x_wconf 85' lang='lat' dir='ltr'>gubernatoribus</span> <span class='ocrx_word' id='word_1_243' title='bbox 1227 2063 1511 2114; x_wconf 85' lang='lat' dir='ltr'>praefectisque</span> 
     </span>
    </p>
   </div>
   <div class='ocr_carea' id='block_1_11' title="bbox 182 2164 1513 2467">
    <p class='ocr_par' dir='ltr' id='par_1_13' title="bbox 182 2164 1513 2467">
     <span class='ocr_line' id='line_1_33' title="bbox 225 2164 1511 2207; baseline 0.005 -14"><span class='ocrx_word' id='word_1_244' title='bbox 225 2173 244 2203; x_wconf 90' lang='lat'>5</span> <span class='ocrx_word' id='word_1_245' title='bbox 264 2167 340 2203; x_wconf 81' lang='lat' dir='ltr'>post</span> <span class='ocrx_word' id='word_1_246' title='bbox 357 2164 518 2204; x_wconf 88' lang='lat' dir='ltr'>Lilybaeo</span> <span class='ocrx_word' id='word_1_247' title='bbox 536 2165 642 2197; x_wconf 80' lang='lat' dir='ltr'>lacun.</span> <span class='ocrx_word' id='word_1_248' title='bbox 666 2169 730 2197; x_wconf 80' lang='lat' dir='ltr'>not.</span> <span class='ocrx_word' id='word_1_249' title='bbox 749 2166 928 2207; x_wconf 69' lang='lat' dir='ltr'>Nipperdey</span> <span class='ocrx_word' id='word_1_250' title='bbox 1072 2168 1093 2197; x_wconf 91' lang='lat'><em>8</em></span> <span class='ocrx_word' id='word_1_251' title='bbox 1117 2167 1284 2199; x_wconf 88' lang='lat' dir='ltr'>mandatis</span> <span class='ocrx_word' id='word_1_252' title='bbox 1299 2166 1366 2198; x_wconf 85' lang='lat' dir='ltr'>D&#39;:</span> <span class='ocrx_word' id='word_1_253' title='bbox 1403 2178 1468 2199; x_wconf 88' lang='lat' dir='ltr'>om.</span> <span class='ocrx_word' id='word_1_254' title='bbox 1487 2169 1511 2203; x_wconf 88' lang='grc' dir='ltr'><em>β</em></span> 
     </span>
     <span class='ocr_line' id='line_1_34' title="bbox 182 2206 1509 2250; baseline 0.003 -13"><span class='ocrx_word' id='word_1_255' title='bbox 182 2217 300 2238; x_wconf 87' lang='lat' dir='ltr'>navem</span> <span class='ocrx_word' id='word_1_256' title='bbox 312 2206 412 2238; x_wconf 85' lang='lat' dir='ltr'>D&#39;U:</span> <span class='ocrx_word' id='word_1_257' title='bbox 439 2219 542 2240; x_wconf 86' lang='lat' dir='ltr'>naves</span> <span class='ocrx_word' id='word_1_258' title='bbox 552 2209 644 2240; x_wconf 86' lang='lat' dir='ltr'><em>FT&#39;:</em></span> <span class='ocrx_word' id='word_1_259' title='bbox 669 2220 732 2241; x_wconf 83' lang='lat' dir='ltr'>om.</span> <span class='ocrx_word' id='word_1_260' title='bbox 749 2209 778 2239; x_wconf 92' lang='lat' dir='ltr'><em>L</em></span> <span class='ocrx_word' id='word_1_261' title='bbox 911 2221 932 2250; x_wconf 92' lang='lat'><strong>9</strong></span> <span class='ocrx_word' id='word_1_262' title='bbox 955 2214 1048 2241; x_wconf 89' lang='lat' dir='ltr'>certo</span> <span class='ocrx_word' id='word_1_263' title='bbox 1064 2221 1129 2241; x_wconf 82' lang='lat' dir='ltr'>om.</span> <span class='ocrx_word' id='word_1_264' title='bbox 1148 2209 1195 2241; x_wconf 86' lang='lat' dir='ltr'>D&#39;</span> <span class='ocrx_word' id='word_1_265' title='bbox 1308 2220 1346 2249; x_wconf 89' lang='lat'>13</span> <span class='ocrx_word' id='word_1_266' title='bbox 1370 2211 1448 2242; x_wconf 87' lang='lat' dir='ltr'>dein</span> <span class='ocrx_word' id='word_1_267' title='bbox 1465 2213 1509 2246; x_wconf 79' lang='lat' dir='ltr'>B:</span> 
     </span>
     <span class='ocr_line' id='line_1_35' title="bbox 182 2250 1509 2295; baseline 0.003 -15"><span class='ocrx_word' id='word_1_268' title='bbox 182 2250 304 2281; x_wconf 84' lang='lat' dir='ltr'>deinde</span> <span class='ocrx_word' id='word_1_269' title='bbox 321 2250 366 2280; x_wconf 77' lang='lat' dir='ltr'>D&#39;</span> <span class='ocrx_word' id='word_1_270' title='bbox 484 2262 522 2292; x_wconf 87' lang='lat'>15</span> <span class='ocrx_word' id='word_1_271' title='bbox 548 2253 706 2292; x_wconf 85' lang='lat' dir='ltr'>relinquit</span> <span class='ocrx_word' id='word_1_272' title='bbox 723 2252 787 2284; x_wconf 83' lang='lat' dir='ltr'>FV</span> <span class='ocrx_word' id='word_1_273' title='bbox 908 2255 946 2285; x_wconf 90' lang='lat'>18</span> <span class='ocrx_word' id='word_1_274' title='bbox 971 2254 1219 2285; x_wconf 87' lang='lat' dir='ltr'>Hadrumetum</span> <span class='ocrx_word' id='word_1_275' title='bbox 1236 2254 1294 2286; x_wconf 82' lang='lat' dir='ltr'>del.</span> <span class='ocrx_word' id='word_1_276' title='bbox 1314 2254 1392 2286; x_wconf 87' lang='lat' dir='ltr'>Em.</span> <span class='ocrx_word' id='word_1_277' title='bbox 1412 2255 1509 2295; x_wconf 80' lang='lat' dir='ltr'>Hoffi</span> 
     </span>
     <span class='ocr_line' id='line_1_36' title="bbox 184 2295 1508 2338; baseline 0.004 -15"><span class='ocrx_word' id='word_1_278' title='bbox 184 2304 308 2326; x_wconf 84' lang='lat' dir='ltr'>mann:</span> <span class='ocrx_word' id='word_1_279' title='bbox 348 2295 456 2325; x_wconf 69' lang='lat' dir='ltr'>munet</span> <span class='ocrx_word' id='word_1_280' title='bbox 471 2299 500 2326; x_wconf 83' lang='lat' dir='ltr'>et</span> <span class='ocrx_word' id='word_1_281' title='bbox 516 2302 634 2335; x_wconf 78' lang='lat' dir='ltr'>petens</span> <span class='ocrx_word' id='word_1_282' title='bbox 653 2296 728 2328; x_wconf 82' lang='lat' dir='ltr'>add.</span> <span class='ocrx_word' id='word_1_283' title='bbox 750 2297 918 2337; x_wconf 76' lang='lat' dir='ltr'>Kt&#39;essling</span> <span class='ocrx_word' id='word_1_284' title='bbox 1068 2308 1106 2336; x_wconf 93' lang='lat'>19</span> <span class='ocrx_word' id='word_1_285' title='bbox 1132 2298 1327 2328; x_wconf 84' lang='lat' dir='ltr'>Maurorum</span> <span class='ocrx_word' id='word_1_286' title='bbox 1344 2298 1508 2338; x_wconf 81' lang='lat' dir='ltr'>Scaliger:</span> 
     </span>
     <span class='ocr_line' id='line_1_37' title="bbox 184 2337 1510 2382; baseline 0.004 -14"><span class='ocrx_word' id='word_1_287' title='bbox 184 2337 303 2369; x_wconf 87' lang='lat' dir='ltr'>Mauro</span> <span class='ocrx_word' id='word_1_288' title='bbox 326 2338 380 2369; x_wconf 80' lang='lat' dir='ltr'>T&#39;:</span> <span class='ocrx_word' id='word_1_289' title='bbox 423 2339 551 2369; x_wconf 85' lang='lat' dir='ltr'>Mauris</span> <span class='ocrx_word' id='word_1_290' title='bbox 575 2338 702 2370; x_wconf 81' lang='lat' dir='ltr'><em>D&#39;LF:</em></span> <span class='ocrx_word' id='word_1_291' title='bbox 745 2339 851 2371; x_wconf 89' lang='lat' dir='ltr'>Mauri</span> <span class='ocrx_word' id='word_1_292' title='bbox 873 2341 906 2371; x_wconf 91' lang='lat' dir='ltr'><strong><em>U</em></strong></span> <span class='ocrx_word' id='word_1_293' title='bbox 1034 2350 1075 2379; x_wconf 88' lang='lat'>25</span> <span class='ocrx_word' id='word_1_294' title='bbox 1101 2346 1231 2380; x_wconf 86' lang='lat' dir='ltr'>portam</span> <span class='ocrx_word' id='word_1_295' title='bbox 1247 2340 1312 2371; x_wconf 90' lang='lat' dir='ltr'>D&#39;:</span> <span class='ocrx_word' id='word_1_296' title='bbox 1338 2346 1471 2382; x_wconf 87' lang='lat' dir='ltr'>portum</span> <span class='ocrx_word' id='word_1_297' title='bbox 1486 2343 1510 2375; x_wconf 85' lang='grc' dir='ltr'><strong><em>β</em></strong></span> 
     </span>
     <span class='ocr_line' id='line_1_38' title="bbox 183 2382 1513 2417; baseline 0.002 -6"><span class='ocrx_word' id='word_1_298' title='bbox 183 2382 362 2412; x_wconf 85' lang='lat' dir='ltr'>consident</span> <span class='ocrx_word' id='word_1_299' title='bbox 379 2384 401 2416; x_wconf 84' lang='grc' dir='ltr'>β</span> <span class='ocrx_word' id='word_1_300' title='bbox 536 2384 577 2413; x_wconf 85' lang='lat'>26</span> <span class='ocrx_word' id='word_1_301' title='bbox 602 2393 762 2414; x_wconf 88' lang='lat' dir='ltr'>numerus</span> <span class='ocrx_word' id='word_1_302' title='bbox 778 2395 842 2414; x_wconf 83' lang='lat' dir='ltr'>om.</span> <span class='ocrx_word' id='word_1_303' title='bbox 860 2383 904 2414; x_wconf 85' lang='lat' dir='ltr'>D&#39;</span> <span class='ocrx_word' id='word_1_304' title='bbox 1037 2384 1144 2414; x_wconf 86' lang='lat' dir='ltr'>instar</span> <span class='ocrx_word' id='word_1_305' title='bbox 1162 2382 1345 2417; x_wconf 70' lang='lat' dir='ltr'>PValchius:</span> <span class='ocrx_word' id='word_1_306' title='bbox 1371 2385 1461 2415; x_wconf 85' lang='lat' dir='ltr'>intus</span> <span class='ocrx_word' id='word_1_307' title='bbox 1476 2383 1513 2414; x_wconf 89' lang='lat' dir='ltr'><em>X</em></span> 
     </span>
     <span class='ocr_line' id='line_1_39' title="bbox 183 2425 888 2467; baseline 0.004 -13"><span class='ocrx_word' id='word_1_308' title='bbox 183 2434 226 2464; x_wconf 87' lang='lat'>29</span> <span class='ocrx_word' id='word_1_309' title='bbox 250 2425 374 2456; x_wconf 85' lang='lat' dir='ltr'>circum</span> <span class='ocrx_word' id='word_1_310' title='bbox 393 2425 483 2467; x_wconf 83' lang='lat' dir='ltr'>loca]</span> <span class='ocrx_word' id='word_1_311' title='bbox 502 2431 629 2457; x_wconf 88' lang='lat' dir='ltr'>certum</span> <span class='ocrx_word' id='word_1_312' title='bbox 647 2426 756 2457; x_wconf 88' lang='lat' dir='ltr'>locum</span> <span class='ocrx_word' id='word_1_313' title='bbox 774 2426 888 2457; x_wconf 80' lang='lat' dir='ltr'>Aldus</span> 
     </span>
    </p>
   </div>
  </div>
 </body>
</html>
