1705 2729
640 144 683 180 C.
719 144 834 180 IVLI
868 144 1137 181 CAESARIS

226 256 389 305 Pompei
418 256 625 294 consilium
654 255 816 293 summis
842 255 1025 294 laudibus
1053 257 1214 303 efferret,
1246 258 1388 305 ‘Noli‚'
1415 257 1552 307 inquit,

228 323 236 339 ‘
253 319 481 365 existimare,
525 319 698 368 Pompei,
740 320 846 358 hunc
891 333 976 358 esse
1019 320 1229 359 exercitum
1275 321 1342 371 qui
1388 322 1554 360 Galliam

189 397 203 417 2
227 383 559 433 Germaniamque
586 383 780 422 devicerit.
842 384 1040 422 Omnibus
1068 384 1223 423 interfui
1247 386 1403 435 proeliis
1428 399 1557 436 neque

226 456 371 487 temere
402 447 641 497 incognitam
674 462 754 487 rem
787 448 1008 498 pronuntio.
1082 449 1293 499 Perexigua
1330 463 1417 500 pars
1455 450 1557 488 illius

226 512 415 551 exercitus
445 519 648 562 superest,
677 526 818 562 magna
846 526 932 562 pars
961 513 1135 562 deperiit,
1160 515 1268 563 quod
1296 514 1474 552 accidere
1501 521 1557 552 tot
1577 529 1594 559 5

226 577 382 627 proeliis
414 576 485 615 fuit
520 590 691 623 necesse,
726 578 870 615 multos
902 578 1081 615 autumni
1116 578 1337 627 pestilentia
1369 578 1409 616 in
1446 578 1558 616 Italia

228 641 482 690 consumpsit,
507 640 619 679 multi
640 642 804 679 domum
826 641 1101 688 discesserunt,
1125 642 1237 680 multi
1262 650 1352 680 sunt
1372 642 1494 680 relicti
1518 642 1557 680 in

190 719 207 749 3
229 705 456 743 continenti.
516 707 579 742 An
607 718 687 743 non
716 705 881 744 audistis
902 719 948 743 ex
975 705 1029 743 eis
1051 705 1117 755 qui
1142 720 1210 756 per
1236 719 1395 744 causam
1414 708 1558 744 valetu-

189 785 206 811 4
228 769 331 807 dinis
378 776 647 807 remanserunt
685 769 858 807 cohortis
903 782 989 807 esse
1032 770 1216 808 Brundisi
1258 771 1412 808 factas?
1468 772 1558 808 Hae

228 833 365 883 copiae
386 847 481 883 quas
498 833 637 871 videtis
659 847 705 871 ex
725 833 934 872 dilectibus
955 835 1095 872 horum
1112 848 1305 872 annorum
1326 834 1366 872 in
1382 835 1559 874 citeriore
1582 852 1619 873 ιο

230 898 356 935 Gallia
385 904 475 935 sunt
505 899 681 944 refectae,
705 905 743 936 et
772 898 948 947 plerique
979 905 1069 936 sunt
1099 912 1145 936 ex
1174 899 1339 937 coloniis
1367 900 1560 948 Transpa-

230 961 352 1000 danis.
414 963 473 999 Ac
494 970 625 1000 tamen
647 963 755 1011 quod
784 962 855 1000 fuit
882 962 1032 1000 roboris
1053 963 1210 1000 duobus
1237 963 1393 1011 proeliis
1423 965 1560 1013 Dyrra-

192 1038 208 1068 5
230 1025 356 1063 chinis
376 1025 543 1064 interiit!
602 1027 715 1064 Haec
736 1039 827 1064 cum
851 1026 1021 1072 dixisset,
1044 1025 1182 1064 iuravit
1211 1039 1253 1064 se
1279 1026 1353 1065 nisi
1372 1027 1559 1066 victorem

230 1090 269 1128 in
309 1098 432 1128 castra
471 1103 551 1128 non
591 1104 833 1128 reversurum
873 1090 1124 1140 reliquosque
1163 1098 1205 1128 ut
1243 1091 1349 1130 idem
1388 1093 1560 1130 facerent

190 1159 208 1189 6
229 1156 404 1193 hortatus
439 1162 506 1193 est.
569 1156 662 1193 Hoc
696 1156 861 1193 laudans
901 1154 1113 1204 Pompeius
1144 1154 1251 1193 idem
1282 1155 1444 1203 iuravit3
1486 1169 1559 1195 nec
1581 1167 1619 1201 ¹5

194 1231 319 1264 7vero
344 1233 389 1257 ex
416 1219 573 1268 reliquis
600 1218 671 1257 fuit
698 1219 906 1269 quisquam
934 1218 1001 1268 qui
1031 1218 1155 1257 iurare
1179 1219 1383 1258 dubitaret.
1445 1221 1560 1259 Haec

228 1298 318 1322 cum
350 1286 451 1322 facta
482 1292 572 1322 sunt
603 1284 642 1321 in
673 1284 838 1322 consilio
868 1296 1008 1333 magna
1043 1296 1111 1332 spe
1141 1291 1178 1322 et
1208 1284 1351 1322 laetitia
1381 1285 1560 1323 omnium

229 1349 445 1387 discessum
467 1356 524 1386 est
540 1363 548 1395 3
578 1361 623 1386 ac
644 1347 721 1385 iam
746 1348 880 1386 animo
900 1347 1102 1385 victoriam
1124 1348 1427 1398 praecipiebant,
1451 1351 1561 1399 quod

230 1415 279 1452 de
303 1427 342 1451 re
372 1421 479 1451 tanta
507 1421 543 1451 et
571 1427 592 1451 a
620 1420 699 1450 tam
725 1413 850 1462 perito
880 1412 1115 1462 imperatore
1143 1413 1238 1451 nihil
1264 1415 1402 1452 frustra
1423 1415 1561 1452 confir-

232 1478 325 1516 mari
347 1478 559 1515 videbatur.
1581 1491 1621 1514 20

161 1538 212 1575 88
286 1543 430 1581 Caesar
463 1555 553 1580 cum
589 1543 754 1592 Pompei
793 1543 926 1582 castris
965 1543 1328 1594 appropinquasset,
1365 1545 1415 1582 ad
1455 1545 1561 1582 hunc

195 1617 210 1639 2
233 1607 395 1645 modurn
416 1606 540 1645 aciem
562 1606 645 1645 eius
672 1607 902 1645 instructam
929 1608 1107 1646 animum
1136 1608 1312 1646 advertit.
1374 1610 1495 1646 Erant
1521 1608 1561 1646 in

232 1671 386 1709 sinistro
407 1684 529 1709 cornu
549 1670 723 1721 legiones
744 1672 846 1710 duae
867 1671 1031 1710 traditae
1051 1686 1074 1710 a
1095 1673 1262 1712 Caesare
1282 1671 1394 1710 initio
1415 1672 1562 1711 dissen-

232 1735 352 1774 sionis
373 1749 419 1774 ex
443 1743 600 1774 senatus
621 1737 827 1784 consulto,
862 1750 1027 1786 quarum
1049 1750 1128 1776 una
1148 1737 1283 1786 prima,
1306 1739 1426 1776 altera
1450 1737 1561 1776 tertia

197 1800 510 1850 3appellabatur.
572 1801 619 1837 In
654 1813 701 1838 eo
733 1802 821 1838 loco
855 1800 939 1850 ipse
970 1809 1050 1839 erat
1086 1801 1309 1851 Pompeius.
1382 1801 1560 1840 Mediam
1582 1817 1621 1847 ²5

232 1864 356 1902 aciem
386 1863 517 1914 Scipio
547 1877 637 1902 cum
668 1864 888 1914 legionibus
919 1865 1082 1914 Syriacis
1112 1866 1282 1905 tenebat.
1343 1866 1562 1906 Ciliciensis

234 1929 333 1977 legio
354 1929 564 1967 coniuncta
585 1942 675 1967 cum
697 1930 924 1968 cohortibus
954 1930 1154 1980 Hispanis,
1178 1944 1274 1980 quas
1295 1932 1492 1970 traductas
1512 1932 1562 1969 ab

197 2003 217 2033 4
236 1992 395 2030 Afranio
425 1993 643 2039 docuimus,
666 1993 705 2030 in
736 1994 872 2032 dextro
902 2007 1023 2032 cornu
1053 2002 1162 2032 erant
1190 1996 1414 2033 collocatae.
1476 1997 1562 2033 Has

235 2056 472 2094 firmissimas
493 2071 533 2095 se
554 2058 699 2096 habere
721 2058 932 2107 Pompeius
949 2058 1204 2096 existimabat.
1257 2059 1443 2108 Reliquas
1464 2059 1563 2097 inter

234 2120 358 2158 aciem
390 2122 560 2161 mediam
587 2137 813 2173 cornuaque
843 2123 1086 2161 interiecerat
1116 2136 1361 2172 numeroque
1390 2123 1561 2161 cohortis
1583 2135 1622 2165 30

199 2196 215 2226 5
235 2197 286 2222 CX
309 2188 537 2235 expleverat.
600 2190 713 2226 Haec
741 2196 848 2226 erant
879 2202 1043 2226 numero
1065 2188 1170 2225 milia
1194 2199 1287 2233 XLV,
1309 2195 1561 2225 evocatorum

279 2300 296 2327 4
324 2289 550 2328 pronuntiabo
572 2289 611 2320 U'
628 2289 680 2328 (2),
699 2289 789 2319 Paul
892 2301 930 2320 10
954 2290 1132 2321 dilectibus
1148 2290 1345 2320 Manutius:
1371 2290 1494 2320 dilectu
1512 2289 1561 2321 E:

236 2333 268 2362 di
288 2334 344 2369 ‹kde
366 2333 437 2363 VIA
458 2333 553 2363 lectis
566 2335 589 2366 β
682 2344 693 2362 1
705 2343 716 2363 1
744 2334 885 2363 coloniis
903 2333 982 2365 EV:
1016 2333 1144 2364 colonis
1161 2337 1225 2364 cett.
1316 2334 1358 2362 26
1374 2333 1564 2363 Ciliciensis

238 2376 368 2419 Lg'psius
384 2389 389 2406 :
415 2376 592 2406 Cilicensis
609 2374 646 2405 X
730 2377 771 2406 28
787 2376 930 2407 Afranio
946 2376 1075 2409 Aldus:
1100 2377 1236 2406 aer-anio
1260 2374 1298 2404 X
