1705 2729
496 123 568 160 DE
600 121 779 159 BELLO
810 121 985 159 CIVILI
1018 121 1118 157 LIB.
1154 121 1193 157 11

182 238 330 282 ponant
350 233 600 270 collocentur.
661 233 721 269 Eo
737 244 851 281 super
865 231 969 280 tigna
989 230 1184 280 bipedalia
1200 229 1363 268 iniciunt
1380 242 1503 278 eaque

182 296 334 334 laminis
369 295 565 345 clavisque
596 295 768 344 religant.
828 296 891 333 Ad
923 302 1137 332 extremum
1164 294 1329 331 musculi
1356 301 1502 331 tectum
1524 308 1541 336 4

181 361 388 410 trabesque
419 368 608 398 extremas
640 360 847 409 quadratas
879 360 1028 408 regulas
1063 371 1124 395 1111
1166 358 1332 408 patentis
1363 357 1504 406 digitos

181 425 357 474 defigunt
373 437 473 473 quae
490 425 626 462 lateres
644 423 710 473 qui
727 436 843 473 super
858 424 1037 460 musculo
1054 430 1248 460 struantur
1265 421 1501 460 contineant.

144 504 160 533 5
183 490 242 526 Ita
276 487 454 537 fastigato
491 496 609 537 atque
640 487 849 526 ordinatim
884 494 1039 533 structo,
1072 494 1114 525 ut
1152 487 1279 524 trabes
1318 494 1426 524 erant
1466 487 1503 523 in
1526 496 1541 526 5

181 552 369 602 capreolis
400 553 625 599 collocatae,
649 551 832 590 lateribus
863 553 1024 600 lutoque
1055 552 1264 597 musculus,
1289 559 1330 588 ut
1350 551 1400 588 ab
1426 551 1504 600 igni

181 618 247 667 qui
268 631 314 656 ex
334 630 445 655 muro
466 617 653 655 iaceretur
677 624 782 655 tutus
803 624 914 663 esset,
938 615 1164 666 contegitur.
1225 617 1347 665 Super
1368 617 1504 653 lateres
1525 620 1544 650 6

181 681 285 720 coria
305 682 553 728 inducuntur,
577 695 626 720 ne
647 681 847 720 canalibus
871 694 973 730 aqua
1000 680 1172 718 immissa
1200 682 1336 718 lateres
1359 680 1505 718 diluere

181 754 322 796 posset.
382 746 499 785 Coria
532 754 663 785 autem
691 760 740 784 ne
767 759 896 784 rursus
930 745 1009 795 igni
1037 759 1083 784 ac
1112 744 1308 794 lapidibus
1339 757 1507 782 corrum-

125 825 163 847 10
181 818 331 861 paritur,
363 810 598 849 centonibus
628 818 897 861 conteguntur.
960 811 1052 848 Hoc
1082 822 1180 859 opus
1211 822 1329 847 omne
1359 816 1505 847 tectum
1529 819 1542 850 7

181 875 303 914 vineis
331 876 382 914 ad
412 875 535 925 ipsam
565 875 698 914 turrim
729 875 935 925 perficiunt
963 874 1172 923 subitoque
1211 873 1506 924 inopinantibus

181 939 359 978 hostibus
382 938 690 993 [machinatione
707 938 849 991 navali]
872 939 1074 989 phalangis
1095 937 1279 977 subiectis
1299 939 1350 976 ad
1372 938 1504 976 turrim

181 1004 352 1043 hostium
373 1006 596 1052 admovent,
620 1012 662 1043 ut
681 1003 862 1042 aedificio
884 1003 1072 1053 iungatur.

235 1070 328 1118 Quo
358 1071 461 1108 malo
490 1068 678 1119 perterriti
703 1068 833 1107 subito
860 1068 1049 1117 oppidani
1073 1080 1163 1106 saxa
1192 1080 1310 1117 quam
1337 1066 1504 1104 maxima
1524 1072 1560 1098 11

125 1147 161 1178 15
181 1141 345 1183 possunt
374 1133 550 1172 vectibus
584 1140 815 1183 promovent
845 1132 1175 1182 praecipitataque
1210 1145 1321 1170 muro
1353 1131 1392 1169 in
1425 1145 1505 1169 mu-

180 1200 332 1236 sculum
373 1200 596 1237 devolvunt.
668 1200 796 1236 Ictum
838 1197 997 1235 firmitas
1039 1197 1221 1235 materiae
1262 1196 1425 1235 sustinet
1468 1206 1504 1235 et

179 1262 373 1312 quidquid
401 1262 538 1302 incidit
568 1262 720 1312 fastigio
750 1261 916 1300 musculi
946 1260 1120 1299 elabitur.
1182 1262 1229 1299 Id
1259 1261 1325 1299 ubi
1357 1261 1501 1308 vident,
1526 1276 1539 1296 2

179 1334 332 1365 mutant
359 1326 591 1375 consiliu1n;
621 1340 741 1376 cupas
771 1327 886 1365 taeda
911 1339 957 1364 ac
986 1325 1073 1375 pice
1102 1327 1259 1364 refertas
1287 1325 1503 1364 incendunt

179 1404 323 1441 easque
373 1393 424 1430 de
472 1405 584 1430 muro
631 1391 670 1429 in
725 1392 947 1429 musculum
996 1391 1218 1428 devolvunt.
1298 1392 1504 1429 Involutae

122 1469 161 1491 20
179 1456 373 1503 labuntur,
396 1457 580 1506 delapsae
604 1456 655 1494 ab
682 1455 865 1494 lateribus
887 1454 1072 1504 longuriis
1093 1455 1288 1504 furcisque
1315 1456 1364 1493 ab
1386 1468 1504 1504 opere

179 1528 436 1559 removentur.
509 1521 670 1559 Interim
695 1521 768 1559 sub
792 1521 971 1558 musculo
1002 1519 1142 1558 milites
1173 1519 1348 1558 vectibus
1370 1519 1503 1558 infima
1524 1534 1540 1563 3,

178 1597 267 1623 saxa
293 1585 405 1624 turris
429 1585 601 1624 hostium
629 1585 771 1636 quibus
798 1586 1054 1623 fundamenta
1081 1584 1384 1622 continebantur
1413 1597 1503 1622 con-

178 1651 334 1688 vellunt.
410 1652 615 1689 Musculus
637 1664 683 1688 ex
703 1649 796 1688 turri
823 1649 993 1687 latericia
1013 1663 1036 1687 a
1056 1648 1195 1687 nostris
1224 1649 1308 1687 telis
1336 1656 1502 1687 tormen-

177 1714 305 1764 tisque
318 1714 564 1762 defenditur,
594 1716 725 1753 hostes
747 1728 794 1753 ex
814 1727 926 1752 muro
942 1727 987 1752 ac
1001 1713 1167 1751 turribus
1182 1721 1501 1761 summoventur3

121 1792 155 1822 25
178 1792 258 1817 non
290 1781 403 1817 datur
427 1779 547 1817 libera
579 1779 678 1817 muri
712 1778 953 1818 defendendi
978 1779 1150 1816 facultas.
1221 1778 1500 1827 Compluribus
1519 1790 1537 1819 4

177 1843 253 1881 iam
275 1844 470 1893 lapidibus
495 1858 541 1882 ex
561 1843 625 1882 illa
652 1857 752 1894 quae
777 1844 933 1882 suberat
955 1843 1045 1881 turri
1075 1842 1279 1881 subductis
1299 1843 1501 1892 repentina

177 1907 287 1946 ruina
324 1921 410 1958 pars
454 1908 536 1947 eius
574 1908 686 1946 turris
727 1908 911 1955 concidit,
946 1921 1033 1958 pars
1073 1906 1221 1957 reliqua
1254 1920 1501 1957 consequens

176 1973 470 2020 procumbebat,
495 1986 585 2011 cum
602 1974 734 2011 hostes
755 1973 861 2011 urbis
883 1973 1103 2023 direptione
1124 1971 1312 2022 perterriti
1334 1971 1500 2010 inermes

177 2049 266 2074 cum
298 2037 428 2075 infulis
460 2051 501 2075 se
535 2045 646 2087 porta
672 2039 773 2076 foras
808 2037 975 2076 universi
1010 2037 1236 2088 proripiunt,
1269 2038 1319 2075 ad
1354 2038 1500 2086 legatos

120 2114 159 2145 3ο
175 2109 292 2151 atque
313 2102 523 2140 exercitum
545 2103 739 2153 supplices
760 2116 900 2141 manus
920 2104 1097 2142 tendunt.

218 2211 236 2229 2
262 2205 386 2231 tectum
401 2201 598 2242 trabesque]
615 2202 764 2240 tectique
778 2202 888 2232 trabes
905 2201 940 2231 T‘
1007 2213 1026 2239 4
1050 2201 1199 2232 musculo
1212 2201 1407 2232 Manutius:
1432 2212 1498 2232 mu-

176 2243 285 2274 sculos
301 2243 339 2272 X
445 2253 464 2282 5
485 2248 559 2283 post
575 2245 687 2275 trabes
704 2244 777 2276 add.
796 2255 881 2284 quae
899 2245 943 2274 D'
1046 2247 1066 2274 6
1090 2245 1251 2275 lateribus
1270 2245 1344 2279 '¹'L25
1363 2246 1500 2284 lutoque

175 2286 306 2316 Aldus:
339 2287 372 2316 in
398 2287 558 2317 lateribus
576 2288 647 2318 luto
664 2287 702 2316 X
834 2298 867 2318 11
896 2288 981 2318 turri
996 2287 1087 2318 ET':
1115 2293 1239 2318 turrem
1259 2287 1334 2318 DLl
1463 2299 1499 2318 12

177 2330 421 2360 machinatione
440 2331 548 2361 navali
569 2330 625 2361 del.
644 2330 753 2362 Paul:
790 2331 1039 2362 machinatione
1060 2331 1168 2362 navali
1190 2332 1365 2370 phalangis
1386 2343 1448 2363 ου),
1476 2332 1505 2360 Γ

176 2372 209 2402 in
226 2372 343 2403 lacuna
360 2377 475 2412 septem
493 2374 675 2404 lz'tlermmm
852 2375 970 2404 turrim
988 2374 1061 2404 ET'
1076 2386 1082 2404 τ
1114 2376 1207 2405 turre
1226 2374 1300 2405 DL'
1464 2385 1497 2413 17

177 2415 338 2455 elabitur]
356 2416 521 2446 delabitur
541 2416 568 2446 L
