1705 2729
460 140 532 175 DE
566 138 744 175 BELLO
775 138 950 176 CIVILI
984 139 1083 175 LIB.
1120 140 1181 176 III

164 250 281 290 iussit.
341 249 462 288 Simili
484 249 632 287 ratione
653 248 864 298 Pompeius
885 251 1065 287 confecto
1086 250 1167 288 eius
1188 250 1265 289 diei
1287 251 1421 290 itinere
1443 253 1480 289 in
1505 266 1519 287 2

163 315 240 353 suis
255 314 448 353 veteribus
470 313 603 351 castris
622 313 673 351 ad
694 312 950 362 Asparagium
972 313 1159 352 consedit.
1212 314 1306 352 Eius
1327 315 1479 362 milites,
1504 328 1521 358 3

161 379 269 428 quod
289 379 338 416 ab
359 391 476 427 opere
505 376 661 427 integris
689 376 973 415 munitionibus
993 378 1194 425 vacabant,
1216 378 1280 416 alii
1307 379 1479 428 lignandi

161 441 453 493 pabulandique
498 455 614 479 causa
658 440 811 490 longius
853 442 1209 490 progrediebantur,
1257 443 1332 490 alii,
1372 445 1481 492 quod

123 519 140 550 5
161 506 290 544 subito
311 505 517 543 consilium
543 504 795 554 profectionis
817 512 1000 554 ceperant
1024 518 1165 554 magna
1185 514 1292 555 parte
1320 506 1480 556 impedi-

161 577 382 608 mentorum
403 577 441 607 et
462 569 698 607 sarcinarum
728 567 871 615 relicta,
893 570 943 607 ad
971 570 1067 606 haec
1092 571 1304 618 repetenda
1330 570 1479 608 invitati

159 633 449 683 propinquitate
470 632 712 682 superiorum
729 639 943 670 castrorum
957 632 1144 682 depositis
1165 633 1203 670 in
1220 633 1480 672 contubernio

159 698 274 736 armis
304 699 448 735 vallum
478 697 760 746 relinquebant.
821 695 976 744 Quibus
1005 698 1055 734 ad
1085 698 1331 746 sequendum
1362 697 1480 747 impe·
1500 712 1519 742 4

159 761 249 800 ditis
275 762 427 807 Caesar,
454 762 562 811 quod
591 762 672 799 fore
698 759 929 809 providerat,
957 760 1173 799 meridiano
1200 762 1278 799 fere
1303 768 1479 811 tempore

103 841 142 864 10
160 825 269 875 signo
294 824 545 874 profectionis
573 826 666 863 dato
693 824 904 863 exercitum
932 825 1063 863 educit
1092 824 1372 875 duplicatoque
1397 825 1478 863 eius

159 889 236 928 diei
267 888 403 928 itinere
428 901 501 926 vm
528 889 633 926 milia
662 902 847 938 passuum
873 902 918 926 ex
948 902 995 927 eo
1023 890 1110 927 loco
1139 889 1316 938 procedit
1332 904 1340 936 3
1370 891 1478 939 quod

158 955 282 992 facere
303 953 514 1002 Pompeius
535 953 709 991 discessu
730 952 896 990 militum
918 966 996 991 non
1018 953 1153 1002 potuit.

211 1020 372 1056 Postero
401 1017 465 1056 die
492 1018 635 1057 Caesar
664 1017 838 1055 similiter
866 1016 1085 1067 praemissis
1115 1017 1238 1067 prima
1264 1026 1380 1056 nocte
1410 1017 1476 1055 im·
1495 1021 1544 1060 77

157 1081 392 1131 pedimentis
421 1083 471 1120 de
500 1089 636 1131 quarta
656 1081 783 1130 vigilia
812 1081 894 1130 ipse
923 1081 1117 1130 egreditur
1143 1088 1194 1127 ut,
1218 1082 1248 1119 si
1276 1095 1352 1131 qua
1377 1089 1476 1120 esset

103 1161 138 1192 15
158 1145 339 1196 imposita
383 1145 597 1184 dimicandi
640 1145 859 1191 necessitas,
905 1145 1076 1183 subitum
1122 1158 1255 1183 casum
1295 1145 1477 1195 expedito

158 1210 324 1249 exercitu
346 1210 500 1248 subiret.
563 1212 654 1248 Hoc
681 1210 785 1248 idem
814 1209 969 1259 reliquis
996 1209 1085 1248 fecit
1112 1210 1261 1248 diebus.
1323 1211 1477 1259 Quibus
1501 1226 1515 1246 2

157 1275 270 1312 rebus
293 1275 507 1324 perfectum
537 1281 594 1312 est
624 1282 665 1312 ut
693 1273 888 1312 altissimis
919 1274 1144 1312 fluminibus
1174 1282 1291 1324 atque
1318 1274 1478 1325 impedi-

157 1338 311 1377 tissimis
346 1338 547 1376 itineribus
578 1339 728 1376 nullum
767 1338 959 1388 acciperet
997 1338 1305 1377 incommodum.
1366 1342 1479 1378 Pom·
1501 1349 1517 1378 3

157 1403 265 1453 peius
299 1403 402 1442 enim
435 1402 547 1452 primi
581 1402 658 1441 diei
694 1416 801 1441 mora
835 1402 953 1441 inlata
987 1410 1025 1441 et
1058 1403 1293 1453 reliquorum
1325 1404 1476 1442 dierum

100 1483 138 1505 20
157 1469 292 1506 frustra
330 1468 462 1506 labore
500 1474 681 1517 suscepto
719 1480 809 1505 cum
848 1481 889 1505 se
928 1467 1077 1516 magnis
1115 1467 1316 1507 itineribus
1351 1477 1478 1507 exten-

155 1532 263 1570 deret
297 1539 334 1570 et
368 1544 610 1581 praegressos
649 1531 837 1580 consequi
877 1539 1045 1581 cuperet,
1082 1539 1218 1581 quarta
1256 1532 1320 1571 die
1359 1534 1476 1571 finem

156 1595 345 1645 sequendi
372 1596 462 1634 fecit
485 1603 602 1644 atque
625 1595 731 1634 aliud
758 1595 830 1634 sibi
861 1595 1066 1634 consilium
1094 1596 1329 1646 capiendum
1355 1598 1477 1636 existi-

156 1659 282 1697 mavit.

209 1724 365 1762 Caesari
409 1725 459 1763 ad
505 1724 656 1763 saucios
702 1725 970 1774 deponendos,
1013 1724 1251 1774 stipendium
1295 1726 1476 1764 exercitui
1496 1717 1546 1764 78

99 1797 135 1828 ²5
155 1788 341 1834 dandum,
383 1788 509 1827 socios
549 1790 849 1835 confirmandos,
893 1789 1128 1838 praesidium
1168 1789 1329 1828 urbibus
1368 1790 1477 1828 relin-

154 1853 356 1900 quendum
390 1866 550 1892 necesse
585 1860 664 1892 e'rat
697 1853 804 1892 adire
839 1854 1101 1903 Apolloniam.
1162 1855 1239 1892 Sed
1271 1854 1330 1892 his
1361 1855 1475 1893 rebus
1497 1869 1512 1890 2

154 1923 304 1954 tantum
332 1917 516 1966 temporis
546 1918 679 1956 tribuit
709 1925 900 1968 quantum
933 1926 1012 1956 erat
1042 1919 1263 1968 properanti
1294 1932 1452 1958 necesse
1468 1935 1477 1966 3

153 1979 294 2017 timens
330 1981 506 2020 Domitio
545 1996 594 2020 ne
631 1983 802 2021 adventu
836 1984 999 2034 Pompei
1041 1991 1389 2033 praeoccuparetur
1425 1986 1476 2023 ad

154 2056 243 2081 eum
273 2045 379 2082 omni
409 2045 604 2085 celeritate
633 2054 671 2085 et
700 2047 831 2086 studio
860 2047 1041 2086 incitatus
1075 2048 1277 2086 ferebatur.
1337 2048 1475 2086 Totius
1497 2057 1513 2086 3

96 2119 137 2150 30
154 2115 283 2146 autem
318 2109 370 2147 rei
400 2110 605 2148 consilium
636 2110 695 2149 his
725 2112 938 2150 rationibus
968 2112 1187 2162 explicabat
1218 2121 1269 2159 ut,
1303 2112 1333 2150 si
1364 2114 1476 2150 Pom-

155 2172 262 2220 peius
283 2174 423 2211 eodem
450 2176 714 2222 contenderet,
737 2177 954 2214 abductum
979 2176 1086 2215 illum
1112 2191 1134 2215 a
1162 2177 1255 2215 mari
1284 2184 1401 2226 atque
1425 2178 1476 2214 ab

153 2234 207 2271 eis
237 2235 358 2284 copiis
387 2249 483 2286 quas
516 2238 702 2286 Dyrrachi
737 2248 1037 2288 comparaverat,
1071 2242 1265 2278 frumento
1295 2255 1340 2279 ac
1371 2254 1472 2279 com-

194 2346 215 2374 9
238 2337 363 2367 Caesar
374 2343 448 2377 post
464 2340 656 2377 providerat
669 2345 745 2380 pon.
765 2341 888 2371 Mensel
1012 2352 1050 2381 19
1074 2343 1163 2372 enim
1179 2352 1243 2374 om.
1269 2343 1304 2373 T‘
1430 2353 1466 2373 21

152 2379 286 2420 quarta]
305 2386 423 2418 quarto
440 2381 557 2411 Morus
