1705 2729
348 165 422 200 DE
453 164 632 201 BELLO
663 164 1077 201 ALEXANDRINO
1108 164 1277 200 LIBER

155 276 276 312 laetus
297 273 337 311 in
357 279 481 311 castra
501 273 767 323 militibusque
788 273 1003 312 vernaculis
1023 280 1060 311 et
1081 274 1278 312 secundae
1298 274 1471 324 legionis,

154 338 296 388 quibus
335 337 428 376 odio
467 337 614 376 sciebat
644 337 851 388 praecipue
891 337 1071 376 Cassium
1110 351 1205 385 esse,
1238 340 1475 388 gratulatur3

154 402 299 440 tollitur
318 415 341 439 a
360 401 612 440 multitudine
631 401 671 439 in
692 401 871 449 tribunal,
887 409 1039 452 praetor
1059 403 1284 452 appellatur.
1344 405 1474 441 Nemo
1494 418 1511 449 5

153 466 257 504 enim
278 472 344 503 aut
370 465 410 503 in
434 465 634 515 provincia
659 473 783 512 natus,
807 473 849 503 ut
875 467 1104 503 vernaculae
1130 466 1293 516 legionis
1321 467 1472 513 milites,

116 539 133 571 5
152 538 218 568 aut
238 529 492 569 diuturnitate
512 530 589 568 iam
610 531 733 568 factus
758 529 1014 580 provincialis,
1038 543 1118 579 quo
1144 530 1184 567 in
1211 544 1375 570 numero
1395 540 1475 570 erat

153 596 325 633 secunda
345 594 458 644 legio,
481 607 561 632 non
582 608 671 632 cum
697 594 802 632 omni
829 594 1028 644 provincia
1049 603 1300 633 consenserat
1320 596 1359 633 in
1380 596 1473 634 odio

153 659 262 698 Cassi
282 674 289 697 ε
319 672 409 697 nam
431 658 624 708 legionem
646 670 745 696 XXX.
765 666 802 696 et
823 670 908 696 XXI.
925 659 1059 708 paucis
1080 659 1280 697 mensibus
1302 660 1340 697 in
1363 661 1474 698 Italia

152 723 312 773 scriptas
340 724 484 763 Caesar
509 723 734 761 attribuerat
764 722 956 773 Longino,
979 723 1116 773 quinta
1142 724 1242 774 legio
1271 738 1395 775 nuper
1421 726 1474 763 ibi

152 795 231 826 erat
251 790 439 827 confecta.

96 864 134 885 10
207 852 368 891 Interim
389 853 589 891 nuntiatur
603 853 803 891 Laterensi
824 853 952 891 vivere
974 853 1164 893 Cassium.
1226 855 1319 903 Quo
1335 855 1474 894 nuntio
1493 861 1544 899 54

151 918 286 956 dolore
315 917 437 967 magis
467 924 666 967 permotus
697 931 815 966 quam
845 917 978 955 animo
1007 918 1254 967 perturbatus
1283 918 1405 957 reficit
1434 933 1474 958 se

151 980 324 1020 celeriter
344 988 382 1019 et
401 982 452 1020 ad
478 981 657 1020 Cassium
679 980 885 1019 visendum
911 981 1180 1030 proficiscitur.
1236 984 1299 1021 Re
1319 984 1475 1033 cognita
1496 999 1510 1019 2

151 1057 251 1083 xxx.
285 1045 385 1095 legio
417 1045 525 1095 signa
561 1046 786 1084 Cordubam
822 1045 935 1083 infert
969 1047 1019 1084 ad
1053 1046 1238 1084 auxilium
1270 1048 1473 1086 ferendum

151 1108 373 1159 imperatori
403 1123 484 1148 suo.
545 1109 652 1147 Facit
682 1111 756 1148 hoc
783 1109 887 1148 idem
916 1121 1001 1148 XXI.
1062 1110 1319 1161 Subsequitur
1343 1113 1411 1149 has
1436 1125 1471 1150 v.
1496 1128 1512 1157 3

96 1183 131 1214 Ῐ5
152 1174 254 1212 Cum
289 1174 390 1211 duae
421 1173 592 1223 legiones
628 1173 798 1223 reliquae
831 1182 960 1212 essent
992 1174 1031 1212 in
1066 1175 1209 1222 castris,
1247 1177 1472 1224 secundani,

151 1237 259 1275 veriti
291 1251 340 1275 ne
374 1238 445 1275 soli
480 1238 788 1288 relinquerentur
822 1247 939 1289 atque
971 1253 1017 1277 ex
1051 1253 1098 1278 eo
1130 1240 1225 1289 quid
1265 1241 1474 1280 sensissent

151 1301 394 1348 iudicaretur,
428 1301 550 1340 secuti
581 1309 670 1340 sunt
696 1303 842 1340 facturn
874 1303 1127 1353 superiorum.
1189 1306 1406 1344 Permansit
1435 1306 1474 1344 in

152 1366 344 1404 sententia
370 1366 469 1416 legio
494 1369 699 1405 vernacula
726 1381 798 1406 nec
826 1369 905 1406 ullo
930 1368 1068 1407 timore
1098 1370 1147 1408 de
1175 1371 1296 1419 gradu
1324 1370 1475 1409 deiecta

152 1439 218 1470 est.

95 1506 133 1528 20
207 1495 364 1535 Cassius
407 1508 474 1534 eos
518 1495 584 1545 qui
624 1496 815 1535 nominati
859 1506 967 1536 erant
1005 1499 1151 1538 conscii
1193 1500 1324 1539 caedis
1367 1501 1474 1539 iubet
1493 1505 1543 1544 55

151 1560 457 1610 comprehendi3
503 1561 709 1610 †legiones
749 1574 773 1599 V
811 1562 851 1600 in
889 1571 1013 1602 castra
1051 1565 1209 1603 remittit
1248 1566 1474 1604 cohortibus

151 1637 240 1662 xxx
266 1624 469 1665 retentis.†
526 1625 680 1664 Indicio
712 1626 862 1665 Minuci
895 1629 1095 1677 cognoscit
1128 1631 1170 1667 L.
1209 1631 1403 1672 Racilium
1437 1639 1474 1670 et
1496 1647 1509 1668 2

153 1691 194 1727 L.
229 1691 481 1727 Laterensem
515 1697 553 1727 et
587 1690 762 1728 Annium
796 1692 1014 1741 Scapulam,
1052 1695 1242 1734 maximae
1276 1696 1475 1746 dignitatis

152 1762 189 1792 et
222 1753 365 1803 gratiae
396 1753 672 1803 provincialem
712 1755 913 1794 hominem
948 1757 1100 1807 sibique
1135 1767 1213 1797 tam
1247 1761 1475 1800 familiarem

94 1829 131 1860 25
153 1831 269 1868 quam
304 1819 555 1857 Laterensem
594 1826 632 1856 et
667 1820 873 1868 Racilium,
910 1822 949 1859 in
981 1824 1118 1862 eadem
1154 1825 1271 1864 fuisse
1303 1826 1476 1865 coniura-

152 1883 268 1930 tione,
303 1893 375 1920 nec
407 1882 474 1921 diu
507 1891 678 1921 moratur
713 1887 889 1924 dolorem
925 1901 1038 1926 suum
1072 1889 1166 1938 quin
1206 1904 1273 1928 eos
1312 1891 1475 1930 interfici

151 1947 292 1985 iubeat.
354 1947 575 1985 Minucium
605 1949 750 1988 libertis
781 1952 895 1990 tradit
926 1954 1239 2003 excruciandum,
1269 1955 1361 1994 item
1390 1958 1475 1995 Cal·
1495 1972 1512 2002 3

151 2011 332 2061 purnium
363 2012 598 2060 Salvianum,
626 2014 692 2064 qui
721 2018 923 2065 profitetur
951 2017 1140 2057 indicium
1171 2021 1476 2060 coniuratorum-

152 2089 227 2125 que
257 2090 462 2115 numerum
497 2086 621 2128 auget,
656 2093 753 2126 vere,
789 2089 830 2119 ut
862 2082 1022 2131 quidam
1057 2084 1288 2132 existimant,
1322 2094 1363 2125 ut
1395 2101 1474 2126 non

198 2189 210 2208 1
239 2180 464 2220 militibusque
482 2182 510 2212 L
527 2188 554 2212 Δ
570 2195 575 2212 z
601 2193 619 2213 a
638 2183 866 2224 militibusque
877 2184 914 2215 X
1050 2198 1069 2226 4
1095 2193 1130 2218 ut
1147 2188 1341 2229 Nipperdey:
1368 2195 1424 2220 aut
1442 2189 1479 2219 X

153 2232 169 2260 7
195 2222 363 2261 legionem
381 2224 507 2255 DL'V:
538 2226 689 2266 legiones
706 2227 772 2257 ET
924 2239 960 2268 17
986 2230 1187 2261 iudicaretur
1204 2237 1276 2262 λΔ;
1311 2234 1474 2263 indicare-

151 2270 204 2294 tur
220 2269 261 2298 βε
289 2267 454 2298 indicaret
473 2269 518 2298 D‘
635 2280 674 2299 21
702 2271 854 2309 legiones
872 2272 1027 2303 D'LFV:
1055 2274 1166 2313 legiofi
1190 2275 1233 2305 T:
1257 2276 1425 2314 legionem
1447 2277 1480 2306 U

152 2308 302 2346 legiones
319 2311 352 2340 in
371 2316 479 2341 castra
498 2313 639 2343 remittit
655 2314 804 2353 quinque
822 2316 1013 2346 cohortibus
1031 2318 1221 2348 tricesimae
1239 2320 1378 2350 retentis
1395 2320 1472 2350 coni.

151 2351 304 2384 Knebler:
333 2353 502 2392 legionem
525 2366 553 2385 v.
581 2357 613 2385 in
641 2362 748 2387 castra
774 2359 912 2389 remittit
933 2361 1125 2391 cohortibus
1148 2372 1217 2391 xxx
1241 2364 1382 2393 retentis
1404 2363 1472 2394 edd.

150 2398 220 2424 vell.
365 2398 405 2426 28
430 2398 586 2428 indicium
604 2399 650 2430 ed.
665 2405 715 2439 pr.
735 2413 738 2430 t
767 2402 927 2432 indictum
945 2402 982 2431 X
