<?xml version="1.0" encoding="UTF-8"?>
<!DOCTYPE html PUBLIC "-//W3C//DTD XHTML 1.0 Transitional//EN"
    "http://www.w3.org/TR/xhtml1/DTD/xhtml1-transitional.dtd">
<html xmlns="http://www.w3.org/1999/xhtml" xml:lang="en" lang="en">
 <head>
  <title>
</title>
<meta http-equiv="Content-Type" content="text/html;charset=utf-8" />
  <meta name='ocr-system' content='tesseract 3.04.00' />
  <meta name='ocr-capabilities' content='ocr_page ocr_carea ocr_par ocr_line ocrx_word'/>
</head>
<body>
  <div class='ocr_page' id='page_1' title='image "./commentariorumpa02caesuoft_0157.png"; bbox 0 0 1705 2729; ppageno 0'>
   <div class='ocr_carea' id='block_1_1' title="bbox 132 833 168 854">
    <p class='ocr_par' dir='ltr' id='par_1_1' title="bbox 132 833 168 854">
     <span class='ocr_line' id='line_1_1' title="bbox 132 833 168 854; baseline 0 0"><span class='ocrx_word' id='word_1_1' title='bbox 132 833 168 854; x_wconf 93' lang='lat'>10</span> 
     </span>
    </p>
   </div>
   <div class='ocr_carea' id='block_1_2' title="bbox 127 1473 166 1495">
    <p class='ocr_par' dir='ltr' id='par_1_2' title="bbox 127 1473 166 1495">
     <span class='ocr_line' id='line_1_2' title="bbox 127 1473 166 1495; baseline -0.026 0"><span class='ocrx_word' id='word_1_2' title='bbox 127 1473 166 1495; x_wconf 75' lang='lat'>20</span> 
     </span>
    </p>
   </div>
   <div class='ocr_carea' id='block_1_3' title="bbox 480 127 1202 166">
    <p class='ocr_par' dir='ltr' id='par_1_3' title="bbox 480 127 1202 166">
     <span class='ocr_line' id='line_1_3' title="bbox 480 127 1202 166; baseline -0.003 0"><span class='ocrx_word' id='word_1_3' title='bbox 480 130 552 166; x_wconf 89' lang='lat' dir='ltr'>DE</span> <span class='ocrx_word' id='word_1_4' title='bbox 584 128 763 166; x_wconf 89' lang='lat' dir='ltr'>BELLO</span> <span class='ocrx_word' id='word_1_5' title='bbox 794 128 970 166; x_wconf 87' lang='lat' dir='ltr'>CIVILI</span> <span class='ocrx_word' id='word_1_6' title='bbox 1003 127 1103 165; x_wconf 83' lang='lat' dir='ltr'>LIB.</span> <span class='ocrx_word' id='word_1_7' title='bbox 1140 127 1202 164; x_wconf 91' lang='lat' dir='ltr'>III</span> 
     </span>
    </p>
   </div>
   <div class='ocr_carea' id='block_1_4' title="bbox 183 239 1567 2016">
    <p class='ocr_par' dir='ltr' id='par_1_4' title="bbox 183 239 1567 2016">
     <span class='ocr_line' id='line_1_4' title="bbox 185 239 1499 289; baseline -0.002 -13"><span class='ocrx_word' id='word_1_8' title='bbox 185 248 332 289; x_wconf 82' lang='lat' dir='ltr'>pestate</span> <span class='ocrx_word' id='word_1_9' title='bbox 354 241 510 289; x_wconf 86' lang='lat' dir='ltr'>paulum</span> <span class='ocrx_word' id='word_1_10' title='bbox 533 253 603 277; x_wconf 87' lang='lat' dir='ltr'>suo</span> <span class='ocrx_word' id='word_1_11' title='bbox 620 252 733 277; x_wconf 90' lang='lat' dir='ltr'>cursu</span> <span class='ocrx_word' id='word_1_12' title='bbox 754 239 1015 283; x_wconf 87' lang='lat' dir='ltr'>decesserunt,</span> <span class='ocrx_word' id='word_1_13' title='bbox 1039 239 1107 275; x_wconf 87' lang='lat' dir='ltr'>has</span> <span class='ocrx_word' id='word_1_14' title='bbox 1129 251 1235 275; x_wconf 89' lang='lat' dir='ltr'>more</span> <span class='ocrx_word' id='word_1_15' title='bbox 1257 239 1499 287; x_wconf 84' lang='lat' dir='ltr'>praedonum</span> 
     </span>
     <span class='ocr_line' id='line_1_5' title="bbox 184 301 1539 353; baseline -0.001 -12"><span class='ocrx_word' id='word_1_16' title='bbox 184 303 348 353; x_wconf 76' lang='lat' dir='ltr'><strong>diripere</strong></span> <span class='ocrx_word' id='word_1_17' title='bbox 382 312 627 342; x_wconf 88' lang='lat' dir='ltr'>consuerunt.</span> <span class='ocrx_word' id='word_1_18' title='bbox 689 302 755 341; x_wconf 89' lang='lat' dir='ltr'>Eis</span> <span class='ocrx_word' id='word_1_19' title='bbox 785 309 916 340; x_wconf 88' lang='lat' dir='ltr'>autem</span> <span class='ocrx_word' id='word_1_20' title='bbox 955 301 1082 340; x_wconf 86' lang='lat' dir='ltr'>invitis</span> <span class='ocrx_word' id='word_1_21' title='bbox 1120 316 1143 340; x_wconf 88' lang='lat' dir='ltr'>a</span> <span class='ocrx_word' id='word_1_22' title='bbox 1173 302 1315 351; x_wconf 86' lang='lat' dir='ltr'>quibus</span> <span class='ocrx_word' id='word_1_23' title='bbox 1355 304 1539 352; x_wconf 78' lang='lat' dir='ltr'>Pharus4</span> 
     </span>
     <span class='ocr_line' id='line_1_6' title="bbox 185 365 1502 416; baseline 0 -12"><span class='ocrx_word' id='word_1_24' title='bbox 185 375 335 405; x_wconf 89' lang='lat' dir='ltr'>tenetur</span> <span class='ocrx_word' id='word_1_25' title='bbox 355 381 434 405; x_wconf 87' lang='lat' dir='ltr'>non</span> <span class='ocrx_word' id='word_1_26' title='bbox 461 375 589 416; x_wconf 90' lang='lat' dir='ltr'>potest</span> <span class='ocrx_word' id='word_1_27' title='bbox 616 380 700 405; x_wconf 86' lang='lat' dir='ltr'>esse</span> <span class='ocrx_word' id='word_1_28' title='bbox 729 374 885 416; x_wconf 88' lang='lat' dir='ltr'>propter</span> <span class='ocrx_word' id='word_1_29' title='bbox 910 365 1107 415; x_wconf 80' lang='lat' dir='ltr'>angustias</span> <span class='ocrx_word' id='word_1_30' title='bbox 1134 365 1296 404; x_wconf 79' lang='lat' dir='ltr'>navibus</span> <span class='ocrx_word' id='word_1_31' title='bbox 1323 365 1502 404; x_wconf 80' lang='lat' dir='ltr'>introitus</span> 
     </span>
     <span class='ocr_line' id='line_1_7' title="bbox 184 429 1537 480; baseline 0.001 -14"><span class='ocrx_word' id='word_1_32' title='bbox 184 430 222 467; x_wconf 85' lang='lat' dir='ltr'>in</span> <span class='ocrx_word' id='word_1_33' title='bbox 254 439 419 480; x_wconf 89' lang='lat' dir='ltr'>portum.</span> <span class='ocrx_word' id='word_1_34' title='bbox 480 433 571 468; x_wconf 91' lang='lat' dir='ltr'>Hoc</span> <span class='ocrx_word' id='word_1_35' title='bbox 610 438 692 468; x_wconf 89' lang='lat' dir='ltr'>tum</span> <span class='ocrx_word' id='word_1_36' title='bbox 726 430 866 468; x_wconf 89' lang='lat' dir='ltr'>veritus</span> <span class='ocrx_word' id='word_1_37' title='bbox 902 431 1045 469; x_wconf 86' lang='lat' dir='ltr'>Caesar</span> <span class='ocrx_word' id='word_1_38' title='bbox 1082 429 1260 468; x_wconf 79' lang='lat' dir='ltr'>hostibus</span> <span class='ocrx_word' id='word_1_39' title='bbox 1298 429 1336 467; x_wconf 90' lang='lat' dir='ltr'>in</span> <span class='ocrx_word' id='word_1_40' title='bbox 1372 443 1537 480; x_wconf 78' lang='lat' dir='ltr'>pugna5</span> 
     </span>
     <span class='ocr_line' id='line_1_8' title="bbox 185 492 1501 546; baseline 0 -14"><span class='ocrx_word' id='word_1_41' title='bbox 185 495 383 544; x_wconf 90' lang='lat' dir='ltr'>occupatis</span> <span class='ocrx_word' id='word_1_42' title='bbox 411 492 710 546; x_wconf 87' lang='lat' dir='ltr'>militibus[que]</span> <span class='ocrx_word' id='word_1_43' title='bbox 739 493 922 544; x_wconf 82' lang='lat' dir='ltr'>expositis</span> <span class='ocrx_word' id='word_1_44' title='bbox 949 495 1118 532; x_wconf 82' lang='lat' dir='ltr'>Pharum</span> <span class='ocrx_word' id='word_1_45' title='bbox 1148 494 1355 544; x_wconf 77' lang='lat' dir='ltr'><strong>prehendit</strong></span> <span class='ocrx_word' id='word_1_46' title='bbox 1383 503 1501 543; x_wconf 88' lang='lat' dir='ltr'>atque</span> 
     </span>
     <span class='ocr_line' id='line_1_9' title="bbox 185 557 1539 608; baseline 0.002 -13"><span class='ocrx_word' id='word_1_47' title='bbox 185 558 237 596; x_wconf 90' lang='lat' dir='ltr'>ibi</span> <span class='ocrx_word' id='word_1_48' title='bbox 264 558 499 608; x_wconf 80' lang='lat' dir='ltr'>praesidium</span> <span class='ocrx_word' id='word_1_49' title='bbox 520 558 658 608; x_wconf 83' lang='lat' dir='ltr'>posuit.</span> <span class='ocrx_word' id='word_1_50' title='bbox 719 557 874 606; x_wconf 84' lang='lat' dir='ltr'>Quibus</span> <span class='ocrx_word' id='word_1_51' title='bbox 896 565 953 595; x_wconf 79' lang='lat' dir='ltr'>est</span> <span class='ocrx_word' id='word_1_52' title='bbox 982 558 1096 595; x_wconf 86' lang='lat' dir='ltr'>rebus</span> <span class='ocrx_word' id='word_1_53' title='bbox 1124 558 1306 596; x_wconf 86' lang='lat' dir='ltr'>effectum</span> <span class='ocrx_word' id='word_1_54' title='bbox 1334 557 1388 596; x_wconf 92' lang='lat' dir='ltr'>uti</span> <span class='ocrx_word' id='word_1_55' title='bbox 1416 566 1501 596; x_wconf 88' lang='lat' dir='ltr'>tuto</span> <span class='ocrx_word' id='word_1_56' title='bbox 1521 570 1539 599; x_wconf 86' lang='lat'>6</span> 
     </span>
     <span class='ocr_line' id='line_1_10' title="bbox 185 621 1498 672; baseline 0.001 -13"><span class='ocrx_word' id='word_1_57' title='bbox 185 624 420 661; x_wconf 89' lang='lat' dir='ltr'>frumentum</span> <span class='ocrx_word' id='word_1_58' title='bbox 449 622 667 672; x_wconf 83' lang='lat' dir='ltr'>auxiliaque</span> <span class='ocrx_word' id='word_1_59' title='bbox 696 621 860 660; x_wconf 88' lang='lat' dir='ltr'>navibus</span> <span class='ocrx_word' id='word_1_60' title='bbox 889 623 940 660; x_wconf 90' lang='lat' dir='ltr'>ad</span> <span class='ocrx_word' id='word_1_61' title='bbox 964 635 1053 659; x_wconf 90' lang='lat' dir='ltr'>eum</span> <span class='ocrx_word' id='word_1_62' title='bbox 1084 622 1301 672; x_wconf 90' lang='lat' dir='ltr'>supportari</span> <span class='ocrx_word' id='word_1_63' title='bbox 1329 630 1498 672; x_wconf 81' lang='lat' dir='ltr'><strong>possent.</strong></span> 
     </span>
     <span class='ocr_line' id='line_1_11' title="bbox 185 685 1502 736; baseline 0 -11"><span class='ocrx_word' id='word_1_64' title='bbox 185 686 401 727; x_wconf 84' lang='lat' dir='ltr'>†Deauxit†</span> <span class='ocrx_word' id='word_1_65' title='bbox 421 686 524 725; x_wconf 89' lang='lat' dir='ltr'>enim</span> <span class='ocrx_word' id='word_1_66' title='bbox 546 686 691 724; x_wconf 90' lang='lat' dir='ltr'>circum</span> <span class='ocrx_word' id='word_1_67' title='bbox 713 685 840 725; x_wconf 87' lang='lat' dir='ltr'>omnis</span> <span class='ocrx_word' id='word_1_68' title='bbox 868 685 1106 735; x_wconf 90' lang='lat' dir='ltr'>propinquas</span> <span class='ocrx_word' id='word_1_69' title='bbox 1136 686 1355 735; x_wconf 88' lang='lat' dir='ltr'>provincias</span> <span class='ocrx_word' id='word_1_70' title='bbox 1384 694 1502 736; x_wconf 89' lang='lat' dir='ltr'>atque</span> 
     </span>
     <span class='ocr_line' id='line_1_12' title="bbox 186 749 1540 800; baseline 0.001 -12"><span class='ocrx_word' id='word_1_71' title='bbox 186 751 277 789; x_wconf 89' lang='lat' dir='ltr'>inde</span> <span class='ocrx_word' id='word_1_72' title='bbox 314 750 455 789; x_wconf 74' lang='lat' dir='ltr'>auxilia</span> <span class='ocrx_word' id='word_1_73' title='bbox 492 749 676 789; x_wconf 87' lang='lat' dir='ltr'>evocavit.</span> <span class='ocrx_word' id='word_1_74' title='bbox 752 749 928 800; x_wconf 82' lang='lat' dir='ltr'>Reliquis</span> <span class='ocrx_word' id='word_1_75' title='bbox 967 749 1103 799; x_wconf 86' lang='lat' dir='ltr'>oppidi</span> <span class='ocrx_word' id='word_1_76' title='bbox 1142 750 1314 800; x_wconf 85' lang='lat' dir='ltr'>partibus</span> <span class='ocrx_word' id='word_1_77' title='bbox 1353 750 1407 788; x_wconf 89' lang='lat' dir='ltr'>sic</span> <span class='ocrx_word' id='word_1_78' title='bbox 1446 756 1540 790; x_wconf 73' lang='lat' dir='ltr'>est?</span> 
     </span>
     <span class='ocr_line' id='line_1_13' title="bbox 186 814 1505 865; baseline 0.002 -13"><span class='ocrx_word' id='word_1_79' title='bbox 186 822 400 865; x_wconf 84' lang='lat' dir='ltr'>pugnatum</span> <span class='ocrx_word' id='word_1_80' title='bbox 416 822 458 853; x_wconf 92' lang='lat' dir='ltr'>ut</span> <span class='ocrx_word' id='word_1_81' title='bbox 477 828 604 864; x_wconf 87' lang='lat' dir='ltr'>aequo</span> <span class='ocrx_word' id='word_1_82' title='bbox 624 814 772 864; x_wconf 91' lang='lat' dir='ltr'>proelio</span> <span class='ocrx_word' id='word_1_83' title='bbox 788 814 1052 853; x_wconf 81' lang='lat' dir='ltr'>discederetur</span> <span class='ocrx_word' id='word_1_84' title='bbox 1068 822 1105 852; x_wconf 92' lang='lat' dir='ltr'>et</span> <span class='ocrx_word' id='word_1_85' title='bbox 1125 815 1250 853; x_wconf 87' lang='lat' dir='ltr'>neutri</span> <span class='ocrx_word' id='word_1_86' title='bbox 1271 816 1505 864; x_wconf 85' lang='lat' dir='ltr'>pellerentur</span> 
     </span>
     <span class='ocr_line' id='line_1_14' title="bbox 186 878 1505 929; baseline 0.001 -12"><span class='ocrx_word' id='word_1_87' title='bbox 186 879 279 918; x_wconf 77' lang='lat' dir='ltr'>-id</span> <span class='ocrx_word' id='word_1_88' title='bbox 310 879 529 917; x_wconf 84' lang='lat' dir='ltr'>efficiebant</span> <span class='ocrx_word' id='word_1_89' title='bbox 559 878 759 928; x_wconf 81' lang='lat' dir='ltr'>angustiae</span> <span class='ocrx_word' id='word_1_90' title='bbox 791 879 908 917; x_wconf 82' lang='lat' dir='ltr'>loci—</span> <span class='ocrx_word' id='word_1_91' title='bbox 923 878 1136 929; x_wconf 71' lang='lat' dir='ltr'>paucisque</span> <span class='ocrx_word' id='word_1_92' title='bbox 1168 879 1362 929; x_wconf 83' lang='lat' dir='ltr'>utrimque</span> <span class='ocrx_word' id='word_1_93' title='bbox 1394 879 1505 918; x_wconf 84' lang='lat' dir='ltr'>inter-</span> 
     </span>
     <span class='ocr_line' id='line_1_15' title="bbox 185 943 1503 994; baseline 0.001 -12"><span class='ocrx_word' id='word_1_94' title='bbox 185 944 293 983; x_wconf 88' lang='lat' dir='ltr'>fectis</span> <span class='ocrx_word' id='word_1_95' title='bbox 333 946 476 984; x_wconf 86' lang='lat' dir='ltr'>Caesar</span> <span class='ocrx_word' id='word_1_96' title='bbox 513 945 599 982; x_wconf 89' lang='lat' dir='ltr'>loca</span> <span class='ocrx_word' id='word_1_97' title='bbox 644 943 810 982; x_wconf 77' lang='lat' dir='ltr'>maxime</span> <span class='ocrx_word' id='word_1_98' title='bbox 855 943 1072 982; x_wconf 85' lang='lat' dir='ltr'>necessaria</span> <span class='ocrx_word' id='word_1_99' title='bbox 1114 946 1341 994; x_wconf 83' lang='lat' dir='ltr'>complexus</span> <span class='ocrx_word' id='word_1_100' title='bbox 1384 952 1503 983; x_wconf 86' lang='lat' dir='ltr'>noctu</span> 
     </span>
     <span class='ocr_line' id='line_1_16' title="bbox 184 1007 1541 1058; baseline 0 -13"><span class='ocrx_word' id='word_1_101' title='bbox 184 1008 412 1058; x_wconf 86' lang='lat' dir='ltr'>praemunit.</span> <span class='ocrx_word' id='word_1_102' title='bbox 474 1009 521 1045; x_wconf 91' lang='lat' dir='ltr'>In</span> <span class='ocrx_word' id='word_1_103' title='bbox 545 1021 592 1046; x_wconf 86' lang='lat' dir='ltr'>eo</span> <span class='ocrx_word' id='word_1_104' title='bbox 614 1015 735 1046; x_wconf 86' lang='lat' dir='ltr'>tractu</span> <span class='ocrx_word' id='word_1_105' title='bbox 764 1007 898 1057; x_wconf 89' lang='lat' dir='ltr'>oppidi</span> <span class='ocrx_word' id='word_1_106' title='bbox 924 1021 1010 1057; x_wconf 88' lang='lat' dir='ltr'>pars</span> <span class='ocrx_word' id='word_1_107' title='bbox 1036 1016 1114 1046; x_wconf 90' lang='lat' dir='ltr'>erat</span> <span class='ocrx_word' id='word_1_108' title='bbox 1143 1007 1268 1057; x_wconf 82' lang='lat' dir='ltr'>regiae</span> <span class='ocrx_word' id='word_1_109' title='bbox 1295 1008 1442 1058; x_wconf 81' lang='lat' dir='ltr'>exigua,</span> <span class='ocrx_word' id='word_1_110' title='bbox 1465 1008 1503 1046; x_wconf 90' lang='lat' dir='ltr'>in</span> <span class='ocrx_word' id='word_1_111' title='bbox 1524 1017 1541 1045; x_wconf 80' lang='lat' dir='ltr'>S</span> 
     </span>
     <span class='ocr_line' id='line_1_17' title="bbox 184 1071 1504 1122; baseline 0.001 -13"><span class='ocrx_word' id='word_1_112' title='bbox 184 1086 301 1121; x_wconf 90' lang='lat' dir='ltr'>quam</span> <span class='ocrx_word' id='word_1_113' title='bbox 322 1072 404 1122; x_wconf 88' lang='lat' dir='ltr'>ipse</span> <span class='ocrx_word' id='word_1_114' title='bbox 425 1071 627 1110; x_wconf 87' lang='lat' dir='ltr'>habitandi</span> <span class='ocrx_word' id='word_1_115' title='bbox 648 1085 765 1110; x_wconf 86' lang='lat' dir='ltr'>causa</span> <span class='ocrx_word' id='word_1_116' title='bbox 789 1071 899 1109; x_wconf 91' lang='lat' dir='ltr'>initio</span> <span class='ocrx_word' id='word_1_117' title='bbox 921 1079 1000 1109; x_wconf 83' lang='lat' dir='ltr'>erat</span> <span class='ocrx_word' id='word_1_118' title='bbox 1028 1071 1221 1118; x_wconf 84' lang='lat' dir='ltr'>inductus,</span> <span class='ocrx_word' id='word_1_119' title='bbox 1246 1080 1283 1110; x_wconf 89' lang='lat' dir='ltr'>et</span> <span class='ocrx_word' id='word_1_120' title='bbox 1311 1074 1504 1110; x_wconf 87' lang='lat' dir='ltr'>theatrum</span> 
     </span>
     <span class='ocr_line' id='line_1_18' title="bbox 183 1135 1505 1187; baseline 0.001 -13"><span class='ocrx_word' id='word_1_121' title='bbox 183 1135 436 1174; x_wconf 85' lang='lat' dir='ltr'>coniunctum</span> <span class='ocrx_word' id='word_1_122' title='bbox 470 1135 616 1182; x_wconf 87' lang='lat' dir='ltr'>domui,</span> <span class='ocrx_word' id='word_1_123' title='bbox 653 1136 760 1185; x_wconf 92' lang='lat' dir='ltr'>quod</span> <span class='ocrx_word' id='word_1_124' title='bbox 797 1135 894 1173; x_wconf 87' lang='lat' dir='ltr'>arcis</span> <span class='ocrx_word' id='word_1_125' title='bbox 933 1136 1091 1173; x_wconf 91' lang='lat' dir='ltr'>tenebat</span> <span class='ocrx_word' id='word_1_126' title='bbox 1129 1137 1259 1174; x_wconf 88' lang='lat' dir='ltr'>locum</span> <span class='ocrx_word' id='word_1_127' title='bbox 1297 1136 1505 1187; x_wconf 85' lang='lat' dir='ltr'>aditusque</span> 
     </span>
     <span class='ocr_line' id='line_1_19' title="bbox 184 1199 1543 1249; baseline 0.001 -11"><span class='ocrx_word' id='word_1_128' title='bbox 184 1200 353 1238; x_wconf 91' lang='lat' dir='ltr'>habebat</span> <span class='ocrx_word' id='word_1_129' title='bbox 372 1200 422 1237; x_wconf 93' lang='lat' dir='ltr'>ad</span> <span class='ocrx_word' id='word_1_130' title='bbox 443 1206 598 1249; x_wconf 91' lang='lat' dir='ltr'>portum</span> <span class='ocrx_word' id='word_1_131' title='bbox 620 1206 657 1237; x_wconf 89' lang='lat' dir='ltr'>et</span> <span class='ocrx_word' id='word_1_132' title='bbox 683 1200 733 1237; x_wconf 88' lang='lat' dir='ltr'>ad</span> <span class='ocrx_word' id='word_1_133' title='bbox 755 1199 901 1248; x_wconf 88' lang='lat' dir='ltr'>reliqua</span> <span class='ocrx_word' id='word_1_134' title='bbox 929 1199 1089 1237; x_wconf 79' lang='lat' dir='ltr'>navalia.</span> <span class='ocrx_word' id='word_1_135' title='bbox 1152 1202 1237 1238; x_wconf 87' lang='lat' dir='ltr'>Has</span> <span class='ocrx_word' id='word_1_136' title='bbox 1268 1200 1505 1239; x_wconf 88' lang='lat' dir='ltr'>munitiones</span> <span class='ocrx_word' id='word_1_137' title='bbox 1525 1216 1543 1244; x_wconf 78' lang='lat'>¹)</span> 
     </span>
     <span class='ocr_line' id='line_1_20' title="bbox 183 1263 1504 1314; baseline 0.001 -12"><span class='ocrx_word' id='word_1_138' title='bbox 183 1263 478 1314; x_wconf 84' lang='lat' dir='ltr'>insequentibus</span> <span class='ocrx_word' id='word_1_139' title='bbox 511 1263 615 1301; x_wconf 78' lang='lat' dir='ltr'>auxit</span> <span class='ocrx_word' id='word_1_140' title='bbox 644 1263 795 1310; x_wconf 89' lang='lat' dir='ltr'>diebus,</span> <span class='ocrx_word' id='word_1_141' title='bbox 828 1272 869 1301; x_wconf 92' lang='lat' dir='ltr'>ut</span> <span class='ocrx_word' id='word_1_142' title='bbox 900 1277 969 1314; x_wconf 92' lang='lat' dir='ltr'>pro</span> <span class='ocrx_word' id='word_1_143' title='bbox 1001 1277 1111 1302; x_wconf 90' lang='lat' dir='ltr'>muro</span> <span class='ocrx_word' id='word_1_144' title='bbox 1141 1263 1315 1302; x_wconf 84' lang='lat' dir='ltr'>obiectas</span> <span class='ocrx_word' id='word_1_145' title='bbox 1345 1265 1504 1303; x_wconf 88' lang='lat' dir='ltr'>haberet</span> 
     </span>
     <span class='ocr_line' id='line_1_21' title="bbox 183 1327 1567 1378; baseline 0.002 -12"><span class='ocrx_word' id='word_1_146' title='bbox 183 1342 259 1367; x_wconf 89' lang='lat' dir='ltr'>neu</span> <span class='ocrx_word' id='word_1_147' title='bbox 279 1327 463 1367; x_wconf 89' lang='lat' dir='ltr'>dimicare</span> <span class='ocrx_word' id='word_1_148' title='bbox 484 1327 626 1366; x_wconf 87' lang='lat' dir='ltr'>invitus</span> <span class='ocrx_word' id='word_1_149' title='bbox 653 1336 864 1378; x_wconf 85' lang='lat' dir='ltr'>cogeretur.</span> <span class='ocrx_word' id='word_1_150' title='bbox 930 1328 1091 1367; x_wconf 90' lang='lat' dir='ltr'>Interim</span> <span class='ocrx_word' id='word_1_151' title='bbox 1117 1328 1194 1366; x_wconf 89' lang='lat' dir='ltr'>filia</span> <span class='ocrx_word' id='word_1_152' title='bbox 1224 1329 1351 1368; x_wconf 89' lang='lat' dir='ltr'>minor</span> <span class='ocrx_word' id='word_1_153' title='bbox 1379 1332 1506 1368; x_wconf 88' lang='lat' dir='ltr'>Ptolo-</span> <span class='ocrx_word' id='word_1_154' title='bbox 1532 1348 1567 1370; x_wconf 89' lang='lat'>10</span> 
     </span>
     <span class='ocr_line' id='line_1_22' title="bbox 184 1392 1506 1444; baseline 0.002 -13"><span class='ocrx_word' id='word_1_155' title='bbox 184 1393 283 1431; x_wconf 88' lang='lat' dir='ltr'>maei</span> <span class='ocrx_word' id='word_1_156' title='bbox 304 1392 400 1443; x_wconf 85' lang='lat' dir='ltr'>regis</span> <span class='ocrx_word' id='word_1_157' title='bbox 421 1406 583 1432; x_wconf 88' lang='lat' dir='ltr'>vacuam</span> <span class='ocrx_word' id='word_1_158' title='bbox 608 1393 895 1443; x_wconf 86' lang='lat' dir='ltr'>possessionem</span> <span class='ocrx_word' id='word_1_159' title='bbox 926 1393 1031 1443; x_wconf 85' lang='lat' dir='ltr'>regni</span> <span class='ocrx_word' id='word_1_160' title='bbox 1061 1407 1219 1444; x_wconf 86' lang='lat' dir='ltr'>sperans</span> <span class='ocrx_word' id='word_1_161' title='bbox 1239 1395 1290 1432; x_wconf 86' lang='lat' dir='ltr'>ad</span> <span class='ocrx_word' id='word_1_162' title='bbox 1310 1395 1506 1433; x_wconf 83' lang='lat' dir='ltr'>Achillam</span> 
     </span>
     <span class='ocr_line' id='line_1_23' title="bbox 184 1457 1503 1509; baseline 0.002 -14"><span class='ocrx_word' id='word_1_163' title='bbox 184 1471 268 1496; x_wconf 89' lang='lat' dir='ltr'>sese</span> <span class='ocrx_word' id='word_1_164' title='bbox 298 1471 344 1495; x_wconf 85' lang='lat' dir='ltr'>ex</span> <span class='ocrx_word' id='word_1_165' title='bbox 375 1457 477 1507; x_wconf 85' lang='lat' dir='ltr'>regia</span> <span class='ocrx_word' id='word_1_166' title='bbox 507 1457 653 1496; x_wconf 89' lang='lat' dir='ltr'>traiecit</span> <span class='ocrx_word' id='word_1_167' title='bbox 692 1471 848 1508; x_wconf 89' lang='lat' dir='ltr'>unaque</span> <span class='ocrx_word' id='word_1_168' title='bbox 881 1459 1027 1496; x_wconf 89' lang='lat' dir='ltr'>bellum</span> <span class='ocrx_word' id='word_1_169' title='bbox 1063 1458 1333 1497; x_wconf 85' lang='lat' dir='ltr'>administrare</span> <span class='ocrx_word' id='word_1_170' title='bbox 1364 1459 1503 1509; x_wconf 92' lang='lat' dir='ltr'>coepit.</span> 
     </span>
     <span class='ocr_line' id='line_1_24' title="bbox 184 1522 1564 1574; baseline 0.002 -15"><span class='ocrx_word' id='word_1_171' title='bbox 184 1523 261 1560; x_wconf 90' lang='lat' dir='ltr'>Sed</span> <span class='ocrx_word' id='word_1_172' title='bbox 285 1522 457 1560; x_wconf 89' lang='lat' dir='ltr'>celeriter</span> <span class='ocrx_word' id='word_1_173' title='bbox 486 1530 542 1561; x_wconf 90' lang='lat' dir='ltr'>est</span> <span class='ocrx_word' id='word_1_174' title='bbox 573 1522 672 1561; x_wconf 89' lang='lat' dir='ltr'>inter</span> <span class='ocrx_word' id='word_1_175' title='bbox 697 1537 763 1561; x_wconf 86' lang='lat' dir='ltr'>eos</span> <span class='ocrx_word' id='word_1_176' title='bbox 794 1525 843 1562; x_wconf 92' lang='lat' dir='ltr'>de</span> <span class='ocrx_word' id='word_1_177' title='bbox 872 1524 1090 1574; x_wconf 91' lang='lat' dir='ltr'>principatu</span> <span class='ocrx_word' id='word_1_178' title='bbox 1122 1524 1384 1562; x_wconf 87' lang='lat' dir='ltr'>controversia</span> <span class='ocrx_word' id='word_1_179' title='bbox 1410 1532 1502 1572; x_wconf 88' lang='lat' dir='ltr'>orta,</span> <span class='ocrx_word' id='word_1_180' title='bbox 1530 1541 1564 1562; x_wconf 90' lang='lat'>11</span> 
     </span>
     <span class='ocr_line' id='line_1_25' title="bbox 183 1587 1505 1639; baseline 0.002 -15"><span class='ocrx_word' id='word_1_181' title='bbox 183 1600 283 1636; x_wconf 77' lang='lat' dir='ltr'>quae</span> <span class='ocrx_word' id='word_1_182' title='bbox 299 1600 357 1625; x_wconf 90' lang='lat' dir='ltr'>res</span> <span class='ocrx_word' id='word_1_183' title='bbox 377 1588 482 1637; x_wconf 90' lang='lat' dir='ltr'>apud</span> <span class='ocrx_word' id='word_1_184' title='bbox 504 1587 644 1626; x_wconf 89' lang='lat' dir='ltr'>milites</span> <span class='ocrx_word' id='word_1_185' title='bbox 665 1589 885 1638; x_wconf 86' lang='lat' dir='ltr'>largitiones</span> <span class='ocrx_word' id='word_1_186' title='bbox 903 1589 1007 1627; x_wconf 78' lang='lat' dir='ltr'>auxit</span> <span class='ocrx_word' id='word_1_187' title='bbox 1025 1604 1034 1637; x_wconf 77' lang='lat'>3</span> <span class='ocrx_word' id='word_1_188' title='bbox 1065 1589 1214 1639; x_wconf 85' lang='lat' dir='ltr'>magnis</span> <span class='ocrx_word' id='word_1_189' title='bbox 1231 1589 1334 1627; x_wconf 85' lang='lat' dir='ltr'>enim</span> <span class='ocrx_word' id='word_1_190' title='bbox 1352 1589 1505 1627; x_wconf 81' lang='lat' dir='ltr'>iacturis</span> 
     </span>
     <span class='ocr_line' id='line_1_26' title="bbox 184 1651 1564 1704; baseline -0.001 -15"><span class='ocrx_word' id='word_1_191' title='bbox 184 1651 256 1689; x_wconf 88' lang='lat' dir='ltr'>sibi</span> <span class='ocrx_word' id='word_1_192' title='bbox 286 1651 450 1702; x_wconf 87' lang='lat' dir='ltr'>quisque</span> <span class='ocrx_word' id='word_1_193' title='bbox 480 1666 614 1691; x_wconf 89' lang='lat' dir='ltr'>eorum</span> <span class='ocrx_word' id='word_1_194' title='bbox 644 1653 795 1692; x_wconf 90' lang='lat' dir='ltr'>animos</span> <span class='ocrx_word' id='word_1_195' title='bbox 827 1653 1070 1692; x_wconf 87' lang='lat' dir='ltr'>conciliabat.</span> <span class='ocrx_word' id='word_1_196' title='bbox 1132 1655 1246 1692; x_wconf 92' lang='lat' dir='ltr'>Haec</span> <span class='ocrx_word' id='word_1_197' title='bbox 1276 1654 1369 1691; x_wconf 89' lang='lat' dir='ltr'>dum</span> <span class='ocrx_word' id='word_1_198' title='bbox 1400 1655 1505 1704; x_wconf 87' lang='lat' dir='ltr'>apud</span> <span class='ocrx_word' id='word_1_199' title='bbox 1530 1666 1564 1688; x_wconf 75' lang='lat'>12</span> 
     </span>
     <span class='ocr_line' id='line_1_27' title="bbox 185 1715 1507 1768; baseline 0.002 -15"><span class='ocrx_word' id='word_1_200' title='bbox 185 1715 306 1754; x_wconf 87' lang='lat' dir='ltr'>hostis</span> <span class='ocrx_word' id='word_1_201' title='bbox 344 1725 537 1766; x_wconf 82' lang='lat' dir='ltr'>geruntur,</span> <span class='ocrx_word' id='word_1_202' title='bbox 580 1718 782 1765; x_wconf 84' lang='lat' dir='ltr'>Pothinus,</span> <span class='ocrx_word' id='word_1_203' title='bbox 826 1718 1012 1757; x_wconf 89' lang='lat' dir='ltr'>nutricius</span> <span class='ocrx_word' id='word_1_204' title='bbox 1052 1717 1160 1768; x_wconf 89' lang='lat' dir='ltr'>pueri</span> <span class='ocrx_word' id='word_1_205' title='bbox 1199 1725 1237 1755; x_wconf 91' lang='lat' dir='ltr'>et</span> <span class='ocrx_word' id='word_1_206' title='bbox 1281 1726 1507 1768; x_wconf 81' lang='lat' dir='ltr'>procurator</span> 
     </span>
     <span class='ocr_line' id='line_1_28' title="bbox 186 1780 1506 1831; baseline 0.002 -13"><span class='ocrx_word' id='word_1_207' title='bbox 186 1780 301 1830; x_wconf 87' lang='lat' dir='ltr'>regni,</span> <span class='ocrx_word' id='word_1_208' title='bbox 328 1780 368 1818; x_wconf 91' lang='lat' dir='ltr'>in</span> <span class='ocrx_word' id='word_1_209' title='bbox 394 1789 502 1831; x_wconf 87' lang='lat' dir='ltr'>parte</span> <span class='ocrx_word' id='word_1_210' title='bbox 529 1783 715 1829; x_wconf 87' lang='lat' dir='ltr'>Caesaris,</span> <span class='ocrx_word' id='word_1_211' title='bbox 740 1796 831 1821; x_wconf 90' lang='lat' dir='ltr'>cum</span> <span class='ocrx_word' id='word_1_212' title='bbox 857 1784 907 1821; x_wconf 92' lang='lat' dir='ltr'>ad</span> <span class='ocrx_word' id='word_1_213' title='bbox 935 1782 1129 1821; x_wconf 87' lang='lat' dir='ltr'>Achillam</span> <span class='ocrx_word' id='word_1_214' title='bbox 1155 1782 1313 1821; x_wconf 88' lang='lat' dir='ltr'>nuntios</span> <span class='ocrx_word' id='word_1_215' title='bbox 1338 1782 1506 1822; x_wconf 89' lang='lat' dir='ltr'>mitteret</span> 
     </span>
     <span class='ocr_line' id='line_1_29' title="bbox 185 1846 1503 1897; baseline 0.002 -14"><span class='ocrx_word' id='word_1_216' title='bbox 185 1846 478 1896; x_wconf 88' lang='lat' dir='ltr'>hortareturque</span> <span class='ocrx_word' id='word_1_217' title='bbox 512 1861 561 1885; x_wconf 88' lang='lat' dir='ltr'>ne</span> <span class='ocrx_word' id='word_1_218' title='bbox 596 1847 752 1897; x_wconf 84' lang='lat' dir='ltr'>negotio</span> <span class='ocrx_word' id='word_1_219' title='bbox 783 1848 985 1886; x_wconf 85' lang='lat' dir='ltr'>desisteret</span> <span class='ocrx_word' id='word_1_220' title='bbox 1020 1861 1117 1886; x_wconf 89' lang='lat' dir='ltr'>neve</span> <span class='ocrx_word' id='word_1_221' title='bbox 1146 1847 1278 1885; x_wconf 90' lang='lat' dir='ltr'>animo</span> <span class='ocrx_word' id='word_1_222' title='bbox 1310 1848 1503 1893; x_wconf 85' lang='lat' dir='ltr'>deficeret,</span> 
     </span>
     <span class='ocr_line' id='line_1_30' title="bbox 184 1908 1507 1962; baseline 0.002 -15"><span class='ocrx_word' id='word_1_223' title='bbox 184 1908 363 1948; x_wconf 87' lang='lat' dir='ltr'>indicatis</span> <span class='ocrx_word' id='word_1_224' title='bbox 397 1912 728 1962; x_wconf 87' lang='lat' dir='ltr'>deprehensisque</span> <span class='ocrx_word' id='word_1_225' title='bbox 759 1911 1005 1951; x_wconf 88' lang='lat' dir='ltr'>internuntiis</span> <span class='ocrx_word' id='word_1_226' title='bbox 1039 1926 1061 1950; x_wconf 89' lang='lat' dir='ltr'>a</span> <span class='ocrx_word' id='word_1_227' title='bbox 1100 1913 1266 1951; x_wconf 89' lang='lat' dir='ltr'>Caesare</span> <span class='ocrx_word' id='word_1_228' title='bbox 1304 1919 1361 1950; x_wconf 84' lang='lat' dir='ltr'>est</span> <span class='ocrx_word' id='word_1_229' title='bbox 1396 1911 1507 1950; x_wconf 92' lang='lat' dir='ltr'>inter-</span> 
     </span>
     <span class='ocr_line' id='line_1_31' title="bbox 184 1974 1189 2016; baseline 0.002 -4"><span class='ocrx_word' id='word_1_230' title='bbox 184 1974 317 2013; x_wconf 84' lang='lat' dir='ltr'>fectus.</span> <span class='ocrx_word' id='word_1_231' title='bbox 379 1976 492 2014; x_wconf 85' lang='lat' dir='ltr'>Haec</span> <span class='ocrx_word' id='word_1_232' title='bbox 513 1975 621 2015; x_wconf 88' lang='lat' dir='ltr'>initia</span> <span class='ocrx_word' id='word_1_233' title='bbox 640 1976 732 2015; x_wconf 90' lang='lat' dir='ltr'>belli</span> <span class='ocrx_word' id='word_1_234' title='bbox 753 1976 1005 2016; x_wconf 87' lang='lat' dir='ltr'>Alexandrini</span> <span class='ocrx_word' id='word_1_235' title='bbox 1026 1978 1189 2015; x_wconf 91' lang='lat' dir='ltr'>fuerunt.</span> 
     </span>
    </p>
   </div>
   <div class='ocr_carea' id='block_1_5' title="bbox 185 2077 1506 2282">
    <p class='ocr_par' dir='ltr' id='par_1_5' title="bbox 185 2077 1506 2282">
     <span class='ocr_line' id='line_1_32' title="bbox 228 2077 1506 2118; baseline 0.002 -11"><span class='ocrx_word' id='word_1_236' title='bbox 228 2088 247 2107; x_wconf 82' lang='lat'><strong>2</strong></span> <span class='ocrx_word' id='word_1_237' title='bbox 272 2077 400 2108; x_wconf 78' lang='lat' dir='ltr'>Pharus</span> <span class='ocrx_word' id='word_1_238' title='bbox 417 2078 538 2109; x_wconf 82' lang='lat' dir='ltr'><em>ELT&#39;:</em></span> <span class='ocrx_word' id='word_1_239' title='bbox 567 2078 697 2110; x_wconf 83' lang='lat' dir='ltr'>Pharos</span> <span class='ocrx_word' id='word_1_240' title='bbox 714 2079 791 2110; x_wconf 79' lang='lat' dir='ltr'>DU‘</span> <span class='ocrx_word' id='word_1_241' title='bbox 905 2089 923 2118; x_wconf 90' lang='lat'><strong>5</strong></span> <span class='ocrx_word' id='word_1_242' title='bbox 949 2079 1110 2110; x_wconf 87' lang='lat' dir='ltr'>militibus</span> <span class='ocrx_word' id='word_1_243' title='bbox 1128 2079 1175 2110; x_wconf 84' lang='lat' dir='ltr'>T:</span> <span class='ocrx_word' id='word_1_244' title='bbox 1199 2079 1424 2118; x_wconf 86' lang='lat' dir='ltr'>militibusque</span> <span class='ocrx_word' id='word_1_245' title='bbox 1442 2083 1506 2111; x_wconf 75' lang='lat' dir='ltr'>cell.</span> 
     </span>
     <span class='ocr_line' id='line_1_33' title="bbox 186 2121 1506 2163; baseline 0.001 -13"><span class='ocrx_word' id='word_1_246' title='bbox 186 2121 329 2151; x_wconf 85' lang='lat' dir='ltr'>Pharum</span> <span class='ocrx_word' id='word_1_247' title='bbox 353 2121 409 2153; x_wconf 88' lang='lat' dir='ltr'>T&#39;:</span> <span class='ocrx_word' id='word_1_248' title='bbox 438 2122 570 2152; x_wconf 85' lang='lat' dir='ltr'>Pharon</span> <span class='ocrx_word' id='word_1_249' title='bbox 586 2121 677 2153; x_wconf 87' lang='lat' dir='ltr'><em>D&#39;U&#39;</em></span> <span class='ocrx_word' id='word_1_250' title='bbox 786 2124 806 2153; x_wconf 91' lang='lat'>8</span> <span class='ocrx_word' id='word_1_251' title='bbox 832 2122 977 2153; x_wconf 84' lang='lat' dir='ltr'>Deauxit</span> <span class='ocrx_word' id='word_1_252' title='bbox 990 2122 1044 2152; x_wconf 88' lang='lat' dir='ltr'>X:</span> <span class='ocrx_word' id='word_1_253' title='bbox 1071 2122 1204 2153; x_wconf 88' lang='lat' dir='ltr'>Dimisit</span> <span class='ocrx_word' id='word_1_254' title='bbox 1220 2122 1365 2163; x_wconf 69' lang='lat' dir='ltr'>Scalzgcr</span> <span class='ocrx_word' id='word_1_255' title='bbox 1470 2133 1506 2161; x_wconf 87' lang='lat'>¹3</span> 
     </span>
     <span class='ocr_line' id='line_1_34' title="bbox 187 2165 1506 2205; baseline 0.002 -12"><span class='ocrx_word' id='word_1_256' title='bbox 187 2165 384 2202; x_wconf 85' lang='lat' dir='ltr'>praemunit.</span> <span class='ocrx_word' id='word_1_257' title='bbox 435 2165 471 2195; x_wconf 91' lang='lat' dir='ltr'>In</span> <span class='ocrx_word' id='word_1_258' title='bbox 498 2175 537 2195; x_wconf 89' lang='lat' dir='ltr'>eo</span> <span class='ocrx_word' id='word_1_259' title='bbox 561 2169 669 2196; x_wconf 83' lang='lat' dir='ltr'>tractu</span> <span class='ocrx_word' id='word_1_260' title='bbox 694 2166 882 2205; x_wconf 82' lang='lat' dir='ltr'>Hoffmann</span> <span class='ocrx_word' id='word_1_261' title='bbox 998 2166 1188 2204; x_wconf 89' lang='lat' dir='ltr'>praemunit</span> <span class='ocrx_word' id='word_1_262' title='bbox 1214 2165 1275 2196; x_wconf 88' lang='lat' dir='ltr'>L&#39;:</span> <span class='ocrx_word' id='word_1_263' title='bbox 1305 2166 1506 2205; x_wconf 85' lang='lat' dir='ltr'>praemuniti</span> 
     </span>
     <span class='ocr_line' id='line_1_35' title="bbox 185 2206 1505 2248; baseline 0.003 -12"><span class='ocrx_word' id='word_1_264' title='bbox 185 2206 269 2237; x_wconf 90' lang='lat' dir='ltr'>DT:</span> <span class='ocrx_word' id='word_1_265' title='bbox 303 2208 419 2238; x_wconf 88' lang='lat' dir='ltr'>muniti</span> <span class='ocrx_word' id='word_1_266' title='bbox 449 2207 480 2237; x_wconf 91' lang='lat' dir='ltr'><em>V</em></span> <span class='ocrx_word' id='word_1_267' title='bbox 606 2219 671 2239; x_wconf 85' lang='lat' dir='ltr'>neo</span> <span class='ocrx_word' id='word_1_268' title='bbox 700 2213 786 2240; x_wconf 84' lang='lat' dir='ltr'>tratu</span> <span class='ocrx_word' id='word_1_269' title='bbox 811 2209 864 2240; x_wconf 90' lang='lat' dir='ltr'>D:</span> <span class='ocrx_word' id='word_1_270' title='bbox 900 2219 961 2240; x_wconf 90' lang='lat' dir='ltr'>nee</span> <span class='ocrx_word' id='word_1_271' title='bbox 987 2213 1093 2240; x_wconf 82' lang='lat' dir='ltr'>tractu</span> <span class='ocrx_word' id='word_1_272' title='bbox 1119 2211 1141 2244; x_wconf 87' lang='grc' dir='ltr'><em>β</em></span> <span class='ocrx_word' id='word_1_273' title='bbox 1268 2219 1309 2248; x_wconf 88' lang='lat'>23</span> <span class='ocrx_word' id='word_1_274' title='bbox 1334 2209 1452 2240; x_wconf 86' lang='lat' dir='ltr'>Haec.</span> <span class='ocrx_word' id='word_1_275' title='bbox 1473 2232 1505 2240; x_wconf 88' lang='lat'>..</span> 
     </span>
     <span class='ocr_line' id='line_1_36' title="bbox 188 2250 448 2282; baseline 0.004 -2"><span class='ocrx_word' id='word_1_276' title='bbox 188 2250 322 2281; x_wconf 81' lang='lat' dir='ltr'>suerunt</span> <span class='ocrx_word' id='word_1_277' title='bbox 337 2261 401 2282; x_wconf 78' lang='lat' dir='ltr'>om.</span> <span class='ocrx_word' id='word_1_278' title='bbox 422 2250 448 2281; x_wconf 92' lang='lat' dir='ltr'><em>L</em></span> 
     </span>
    </p>
   </div>
   <div class='ocr_carea' id='block_1_6' title="bbox 234 2435 1421 2466">
    <p class='ocr_par' dir='ltr' id='par_1_6' title="bbox 234 2435 1421 2466">
     <span class='ocr_line' id='line_1_37' title="bbox 234 2435 1421 2466; baseline -0.003 0"><span class='ocrx_word' id='word_1_279' title='bbox 234 2445 324 2466; x_wconf 65' lang='lat' dir='ltr'>CAES.</span> <span class='ocrx_word' id='word_1_280' title='bbox 346 2445 408 2466; x_wconf 66' lang='lat' dir='ltr'>Bc.</span> <span class='ocrx_word' id='word_1_281' title='bbox 1384 2435 1421 2464; x_wconf 84' lang='lat'>10</span> 
     </span>
    </p>
   </div>
  </div>
 </body>
</html>
