1705 2729
656 120 700 158 C.
734 119 850 157 IVLI
881 118 1151 157 CAESARIS

200 242 219 272 4
239 229 442 268 itineribus
461 230 512 268 ad
534 229 642 267 navis
666 229 887 266 decurrunt.
949 227 1097 266 Milites
1126 227 1263 278 positis
1293 228 1406 267 scalis
1433 242 1565 268 muros

237 295 467 340 ascendunt,
492 294 561 332 sed
592 291 729 331 moniti
756 306 778 330 a
806 291 1052 330 Brundisinis
1077 299 1119 330 ut
1139 294 1283 331 vallum
1311 306 1472 331 caecum
1492 294 1566 331 fos-

238 372 379 409 sasque
395 365 558 396 caveant
574 357 792 396 subsistunt
812 364 850 395 et
870 358 988 406 longo
1010 356 1146 395 itinere
1166 358 1216 396 ab
1232 356 1292 395 his
1309 356 1565 396 circumducti

237 424 288 462 ad
309 430 464 474 portum
486 422 717 473 perveniunt
738 423 916 472 duasque
936 421 1045 460 navis
1065 435 1156 460 cum
1177 421 1377 469 militibus,
1395 435 1496 471 quae
1515 423 1566 460 ad

240 489 363 526 moles
390 486 568 526 Caesaris
592 487 862 534 adhaeserant,
891 485 1046 536 scaphis
1073 485 1334 537 lintribusque
1362 487 1567 536 reprehen-

239 554 349 599 dunt,
372 553 626 602 reprehensas
647 551 856 602 excipiunt.

165 622 219 660 29
294 619 439 657 Caesar
465 617 537 656 etsi
562 619 614 656 ad
638 630 748 667 spem
776 616 1013 656 conficiendi
1034 616 1166 667 negoti
1187 616 1355 655 maxime
1375 617 1567 666 probabat

239 679 385 718 coactis
425 679 589 718 navibus
629 693 734 718 mare
774 678 935 717 transire
969 686 1008 718 et
1047 678 1281 728 Pompeium
1316 678 1427 728 sequi
1460 678 1567 729 prius

239 758 358 795 quam
383 744 447 783 ille
474 758 559 783 sese
583 743 849 782 transmarinis
869 742 1021 782 auxiliis
1048 744 1308 790 confirmaret,
1331 750 1462 781 tamen
1484 742 1567 781 eius

239 809 292 848 rei
314 823 464 848 moram
485 809 753 858 temporisque
773 808 1101 858 longinquitatem
1122 807 1298 855 timebat,
1315 808 1424 858 quod
1445 807 1568 846 omni-

239 875 313 912 bus
343 874 489 913 coactis
519 873 684 912 navibus
706 872 919 922 Pompeius
949 879 1195 922 praesentem
1220 873 1445 910 facultatem
1471 873 1568 911 inse-

202 954 216 975 2
240 939 387 989 quendi
409 939 468 977 sui
494 940 704 977 ademerat.
766 938 1080 988 Relinquebatur
1100 944 1142 975 ut
1163 950 1209 975 ex
1229 936 1568 987 longinquioribus

240 1003 465 1053 regionibus
487 1002 637 1041 Galliae
659 1002 873 1053 Picenique
900 1009 938 1041 et
962 1016 984 1040 a
1010 1003 1109 1040 freto
1136 1014 1254 1040 naves
1281 1008 1411 1040 essent
1438 1014 1569 1051 exspe-

240 1069 417 1106 ctandae.
479 1068 527 1106 Id
547 1074 705 1117 propter
724 1066 816 1105 anni
837 1074 992 1116 tempus
1013 1068 1175 1116 longum
1196 1073 1314 1115 atque
1334 1065 1568 1115 impeditum

199 1147 217 1177 3
240 1133 455 1172 videbatur.
508 1134 664 1171 Interea
683 1140 854 1171 veterem
876 1131 1099 1178 exercitum,
1123 1132 1221 1170 duas
1244 1130 1458 1180 Hispanias
1479 1144 1569 1169 con-

241 1198 394 1246 firmari,
436 1211 601 1248 quarum
647 1205 727 1236 erat
774 1199 894 1236 altera
939 1196 1117 1235 maximis
1163 1195 1365 1235 beneficiis
1404 1195 1569 1246 Pompei

241 1264 433 1311 devincta,
484 1263 637 1310 auxilia,
679 1262 896 1313 equitatum
937 1262 1073 1313 parari,
1115 1261 1284 1301 Galliam
1334 1260 1569 1312 Italiamque

242 1328 422 1379 temptari
454 1342 494 1367 se
524 1329 688 1367 absente
717 1328 886 1366 nolebat.

168 1399 222 1437 30
298 1396 437 1444 Itaque
467 1394 506 1431 in
535 1394 755 1443 praesentia
785 1392 949 1442 Pompei
976 1391 1167 1442 sequendi
1192 1391 1382 1431 rationem
1412 1391 1568 1438 omittit,

242 1460 281 1498 in
298 1459 534 1510 Hispaniam
549 1458 743 1509 proficisci
759 1457 971 1497 constituit.
1022 1456 1248 1496 Duumviris
1265 1456 1570 1507 municipiorum

242 1524 421 1563 omnium
442 1524 607 1573 imperat
628 1533 669 1561 ut
690 1522 798 1561 navis
828 1522 1061 1572 conquirant
1090 1521 1423 1572 Brundisiumque
1449 1522 1571 1560 dedu-

205 1604 220 1625 2
243 1591 389 1629 cendas
437 1596 583 1628 curent.
663 1588 787 1626 Mittit
825 1588 864 1626 in
904 1587 1123 1627 Sardiniam
1162 1601 1253 1626 cum
1292 1587 1445 1638 legione
1492 1600 1572 1625 una

242 1655 443 1694 Valerium
469 1656 652 1705 legatum,
675 1654 714 1692 in
743 1653 913 1692 Siciliam
946 1653 1160 1693 Curionem
1186 1666 1256 1703 pro
1281 1660 1459 1703 praetore
1479 1665 1570 1691 cum

242 1720 462 1771 legionibus
485 1733 512 1758 11
532 1735 540 1767 3
579 1721 761 1766 eundem,
784 1733 875 1757 cum
897 1718 1068 1757 Siciliam
1089 1718 1308 1768 recepisset,
1332 1717 1509 1768 protinus
1530 1717 1569 1755 in

243 1785 416 1823 Africam
448 1785 652 1823 traducere
683 1783 894 1822 exercitum
921 1783 1040 1821 iubet.
1114 1782 1334 1821 Sardiniam
1365 1781 1570 1821 obtinebat

246 1852 300 1888 M.
321 1851 449 1897 Cotta,
468 1849 638 1888 Siciliam
663 1850 718 1886 M.
743 1849 843 1887 Cato
859 1862 868 1895 3
899 1847 1070 1886 Africam
1092 1855 1195 1886 sorte
1211 1848 1372 1886 Tubero
1392 1847 1570 1886 obtinere

205 1929 223 1958 3
244 1914 426 1952 debebat.
486 1912 707 1959 Caralitani,
732 1912 846 1951 simul
867 1913 918 1950 ad
946 1926 987 1950 se
1007 1911 1207 1950 Valerium
1229 1910 1330 1949 mitti
1349 1910 1568 1958 audierunt,

244 1980 423 2018 nondum
453 1979 629 2028 profecto
659 1991 706 2015 ex
736 1977 850 2015 Italia
881 1992 950 2016 sua
980 1984 1121 2027 sponte
1153 1977 1312 2016 Cottam
1344 1990 1390 2014 ex
1421 1976 1570 2026 oppido

244 2043 400 2081 eiciunt.
461 2044 533 2080 Ille
560 2042 794 2092 perterritus,
819 2043 927 2092 quod
955 2055 1115 2080 omnem
1140 2039 1380 2090 provinciam
1409 2053 1571 2078 consen-

203 2123 223 2152 4
245 2107 315 2146 tire
335 2107 595 2157 intellegebat,
620 2121 666 2146 ex
694 2107 873 2146 Sardinia
897 2107 936 2145 in
964 2106 1136 2145 Africam
1164 2104 1343 2155 profugit.
1403 2106 1504 2144 Cato
1530 2104 1570 2143 in

245 2171 375 2210 Sicilia
396 2171 503 2210 navis
524 2174 660 2223 longas
688 2179 837 2210 veteres
867 2170 1075 2217 reficiebat,
1100 2182 1221 2208 novas
1251 2168 1473 2207 civitatibus
1503 2168 1571 2207 im-

288 2286 307 2315 5
333 2277 601 2316 deprehendunt⁷
636 2276 868 2315 deprehensas
895 2277 942 2306 Δδ
970 2273 1089 2315 Fmgell
1274 2283 1295 2311 9
1320 2282 1396 2303 sese
1429 2282 1493 2302 om.
1527 2271 1572 2301 D'

247 2321 464 2351 confirmaret
495 2322 537 2354 B:
579 2321 838 2350 confirmaretur
869 2318 914 2348 D'
1089 2327 1129 2356 24
1170 2326 1195 2346 11
1226 2315 1438 2356 Hoffmann:
1471 2325 1511 2346 111
1537 2313 1575 2344 X

246 2374 284 2404 31
313 2364 407 2394 navis
425 2363 465 2392 L'
481 2375 487 2394 z
512 2373 614 2394 naves
631 2363 674 2393 D'
691 2362 730 2392 T'

1590 826 1629 848 10

1591 1474 1630 1496 20

1591 2120 1632 2151 30
