1705 2729
590 156 825 195 INCERTI
858 156 1139 193 AVCTORIs

201 268 332 318 gladio
352 266 627 317 proboscidem
656 279 733 315 qua
757 273 836 304 erat
866 265 1130 304 circumdatus
1151 267 1315 304 caedere
1335 274 1526 316 quantum

164 349 183 379 4
202 333 346 371 viribus
368 339 518 382 poterat
540 345 619 369 non
641 330 798 369 destitit.
859 331 951 379 Quo
981 331 1117 368 dolore
1145 331 1341 369 adductus
1368 333 1527 381 elephas

203 397 324 436 milite
343 397 498 435 abiecto
520 395 690 433 maximo
719 408 810 433 cum
835 395 999 433 stridore
1026 407 1220 445 cursuque
1247 408 1457 434 conversus
1477 397 1527 434 ad

202 462 368 512 reliquas
389 462 532 501 bestias
553 475 594 500 se
615 460 770 510 recepit.

131 524 183 571 85
257 526 419 565 Interim
435 527 595 575 Thapso
617 525 683 575 qui
704 533 812 563 erant
832 525 1027 575 praesidio
1048 539 1094 563 ex
1113 525 1262 575 oppido
1283 525 1527 575 eruptionem
1549 541 1565 573 5

203 599 313 642 porta
334 591 525 629 maritima
546 590 692 628 faciunt
714 598 762 637 et,
785 588 865 628 sive
892 598 933 628 ut
958 590 1035 628 suis
1066 589 1242 628 subsidio
1269 597 1526 636 occurrerent,

203 656 283 694 sive
304 664 344 694 ut
366 655 513 706 oppido
534 656 689 693 deserto
710 656 799 703 fuga
827 656 991 693 salutem
1019 654 1091 692 sibi
1117 662 1305 703 parerent,
1329 653 1529 703 egrediun-

204 729 264 759 tur
279 728 396 770 atque
417 720 469 758 ita
488 733 556 770 per
578 733 681 757 mare
703 719 877 757 umbilici
899 720 976 757 fine
996 718 1156 768 ingressi
1173 726 1313 756 terram
1329 719 1525 768 petebant.

169 800 183 820 2
205 785 284 835 Qui
300 799 322 823 a
337 784 498 823 servitiis
516 784 723 834 puerisque
741 783 806 833 qui
824 783 863 820 in
880 783 1013 821 castris
1030 791 1138 821 erant
1154 782 1349 832 lapidibus
1363 782 1529 832 pilisque

204 849 389 900 prohibiti
410 857 549 887 terram
569 848 757 898 attingere
787 861 916 886 rursus
943 861 984 886 se
1008 847 1047 885 in
1075 847 1266 897 oppidum
1287 855 1526 896 receperunt.
1552 862 1589 884 10

168 929 185 959 3
204 914 366 953 Interim
399 913 591 964 Scipionis
626 912 749 963 copiis
784 912 982 962 prostratis
1014 912 1239 962 passimque
1274 919 1357 950 toto
1389 925 1530 962 campo

203 979 440 1029 fugientibus
461 978 667 1017 confestim
683 977 860 1017 Caesaris
882 977 1054 1027 legiones
1076 977 1265 1027 consequi
1282 977 1530 1027 spatiumque

166 1064 185 1093 4
204 1058 245 1083 se
261 1057 341 1082 non
355 1044 447 1082 dare
463 1042 683 1092 colligendi.
723 1042 801 1091 Qui
818 1050 1028 1092 postquam
1045 1043 1095 1080 ad
1112 1055 1157 1080 ea
1173 1050 1297 1080 castra
1313 1055 1413 1091 quae
1428 1049 1532 1092 pete-

204 1109 299 1147 bant
319 1109 579 1158 perfugerunt‚
603 1115 644 1145 ut
674 1106 826 1145 refectis
856 1106 989 1145 castris
1020 1120 1149 1145 rursus
1170 1120 1254 1145 sese
1275 1107 1531 1145 defenderent

204 1175 427 1222 ducemque
447 1172 618 1222 aliquem
639 1171 889 1221 requirerent,
908 1185 1025 1221 quem
1053 1171 1299 1221 respicerent,
1328 1171 1438 1209 cuius
1467 1184 1531 1209 au-
1556 1187 1589 1218 ¹5

204 1238 381 1277 ctoritate
402 1236 645 1287 imperioque
675 1250 756 1275 rem
786 1244 962 1287 gererent
979 1236 1109 1286 :—qui
1130 1244 1339 1286 postquam
1359 1236 1532 1274 animad-

205 1311 400 1342 verterunt
421 1302 619 1340 neminem
641 1301 694 1340 ibi
716 1314 800 1340 esse
821 1301 1026 1351 praesidio,
1043 1300 1219 1350 protinus
1239 1300 1355 1338 armis
1370 1300 1532 1338 abiectis

168 1382 184 1412 5
205 1368 243 1406 in
266 1367 368 1418 regia
388 1374 512 1405 castra
535 1367 666 1415 fugere
691 1367 947 1404 contendunt.
1008 1367 1100 1414 Quo
1121 1372 1330 1415 postquam
1351 1378 1533 1414 pervene-

205 1440 304 1479 runt,
328 1445 373 1470 ea
393 1444 551 1481 quoque
572 1432 622 1469 ab
645 1430 806 1469 Iulianis
827 1430 949 1469 teneri
970 1430 1113 1469 vident.
1174 1432 1389 1480 Desperata
1409 1431 1533 1468 salute

205 1498 244 1535 in
279 1497 451 1547 quodam
483 1496 583 1534 colle
622 1495 841 1533 consistunt
879 1503 997 1545 atque
1035 1495 1151 1532 armis
1183 1494 1362 1533 demissis
1395 1496 1533 1533 saluta·
1554 1509 1594 1532 20

206 1562 354 1600 tionem
380 1574 488 1598 more
518 1559 671 1598 militari
702 1559 859 1598 faciunt.
920 1559 1076 1609 Quibus
1100 1559 1249 1598 miseris
1270 1573 1315 1598 ea
1335 1573 1394 1598 res
1414 1573 1533 1610 parvo

169 1634 187 1666 6
207 1626 401 1677 praesidio
417 1625 498 1664 fuit.
543 1626 727 1674 Namque
749 1624 889 1663 milites
905 1624 1077 1663 veterani
1097 1624 1152 1663 ira
1171 1632 1209 1663 et
1229 1626 1365 1663 dolore
1384 1624 1534 1663 incensi

207 1705 288 1730 non
309 1692 430 1729 modo
451 1697 493 1728 ut
513 1698 715 1740 parcerent
737 1690 840 1728 hosti
860 1703 941 1728 non
962 1698 1141 1740 poterant
1161 1689 1304 1728 adduci
1326 1691 1395 1729 sed
1417 1690 1534 1728 etiam

206 1771 253 1795 ex
273 1769 344 1794 suo
365 1755 535 1794 exercitu
557 1754 726 1792 inlustris
747 1755 929 1801 urbanos,
953 1768 1051 1804 quos
1071 1763 1250 1793 auctores
1270 1755 1532 1805 appellabant,

171 1835 186 1867 7
206 1820 418 1871 compluris
438 1827 504 1858 aut
524 1820 774 1857 vulnerarunt
794 1827 861 1857 aut
881 1819 1155 1857 interfecerunt
1173 1834 1182 1867 3
1212 1819 1250 1856 in
1272 1832 1351 1869 quo
1371 1832 1535 1858 numero
1556 1830 1593 1861 25

206 1886 278 1923 fuit
298 1885 451 1923 Tullius
474 1885 600 1922 Rufus
631 1883 885 1933 quaestorius,
910 1884 976 1933 qui
1000 1883 1080 1934 pilo
1107 1883 1288 1922 traiectus
1313 1885 1493 1922 consulto
1513 1897 1535 1921 a

206 1950 329 1988 milite
350 1949 517 1996 interiit3
547 1949 641 1987 item
662 1949 874 1999 Pompeius
897 1950 1023 1987 Rufus
1053 1948 1280 1987 bracchium
1304 1948 1434 1999 gladio
1454 1962 1535 1998 per-

206 2028 354 2061 cussus,
384 2014 457 2052 nisi
487 2014 663 2052 celeriter
688 2015 739 2053 ad
760 2015 969 2053 Caesarem
998 2013 1287 2060 accucurrisset,
1311 2013 1535 2052 interfectus

169 2087 186 2116 S
208 2087 319 2117 esset.
381 2081 473 2128 Quo
500 2080 603 2117 facto
633 2080 854 2129 complures
885 2078 1035 2128 equites
1058 2078 1229 2116 Romani
1259 2086 1536 2128 senatoresque

208 2143 397 2194 perterriti
427 2157 473 2181 ex
503 2143 652 2193 proelio
682 2157 723 2181 se
753 2151 992 2193 receperunt,
1027 2157 1077 2181 ne
1105 2157 1129 2180 a
1160 2142 1357 2189 militibus,
1392 2143 1459 2192 qui
1490 2156 1536 2181 ex
1557 2157 1596 2188 30

208 2215 315 2246 tanta
335 2207 495 2245 victoria
519 2207 716 2246 licentiam
745 2207 817 2245 sibi
848 2207 1148 2257 assumpsissent
1174 2207 1430 2245 immoderate
1451 2220 1536 2257 pec-

252 2321 271 2351 5
295 2313 381 2352 tapsi
402 2311 432 2341 V
519 2322 535 2350 7
562 2311 736 2352 parerent]
758 2316 877 2351 parent
895 2311 980 2341 DT:
1006 2316 1164 2351 pararent
1181 2310 1257 2340 L‘V
1358 2321 1395 2349 14
1421 2311 1537 2342 refecti

208 2356 326 2386 Daelzn
437 2366 479 2386 20
503 2355 659 2386 demissis
683 2354 775 2386 edd.:
811 2355 958 2386 dimissis
983 2357 1026 2388 βε
1061 2365 1124 2385 om.
1151 2354 1186 2384 D
1275 2364 1313 2384 21
1341 2355 1472 2385 miseris
1498 2357 1536 2385 δε

210 2399 353 2429 miseriis
370 2397 407 2428 X
537 2409 577 2437 24
598 2402 673 2439 post
687 2404 844 2429 auctores
861 2398 994 2429 verbum
1012 2398 1107 2437 quale
1122 2402 1167 2428 est
1182 2397 1260 2428 belli
1284 2397 1430 2428 excidsssse
1441 2401 1538 2438 putat

209 2442 351 2473 Kztebler
482 2453 524 2482 30
549 2453 567 2472 a
586 2442 662 2473 add.
680 2441 748 2472 edd.
768 2446 838 2472 vett.
