<?xml version="1.0" encoding="UTF-8"?>
<!DOCTYPE html PUBLIC "-//W3C//DTD XHTML 1.0 Transitional//EN"
    "http://www.w3.org/TR/xhtml1/DTD/xhtml1-transitional.dtd">
<html xmlns="http://www.w3.org/1999/xhtml" xml:lang="en" lang="en">
 <head>
  <title>
</title>
<meta http-equiv="Content-Type" content="text/html;charset=utf-8" />
  <meta name='ocr-system' content='tesseract 3.04.00' />
  <meta name='ocr-capabilities' content='ocr_page ocr_carea ocr_par ocr_line ocrx_word'/>
</head>
<body>
  <div class='ocr_page' id='page_1' title='image "./commentariorumpa02caesuoft_0122.png"; bbox 0 0 1705 2729; ppageno 0'>
   <div class='ocr_carea' id='block_1_1' title="bbox 599 130 1094 169">
    <p class='ocr_par' dir='ltr' id='par_1_1' title="bbox 599 130 1094 169">
     <span class='ocr_line' id='line_1_1' title="bbox 599 130 1094 169; baseline 0.006 -3"><span class='ocrx_word' id='word_1_1' title='bbox 599 130 642 167; x_wconf 91' lang='lat' dir='ltr'>C.</span> <span class='ocrx_word' id='word_1_2' title='bbox 677 131 793 167; x_wconf 88' lang='lat' dir='ltr'>IVLI</span> <span class='ocrx_word' id='word_1_3' title='bbox 826 130 1094 169; x_wconf 75' lang='lat' dir='ltr'>CAESARIS</span> 
     </span>
    </p>
   </div>
   <div class='ocr_carea' id='block_1_2' title="bbox 60 239 1511 2156">
    <p class='ocr_par' dir='ltr' id='par_1_2' title="bbox 183 239 1511 418">
     <span class='ocr_line' id='line_1_2' title="bbox 185 239 1510 291; baseline 0.005 -15"><span class='ocrx_word' id='word_1_4' title='bbox 185 239 411 277; x_wconf 83' lang='lat' dir='ltr'>cohortibus</span> <span class='ocrx_word' id='word_1_5' title='bbox 442 239 564 277; x_wconf 88' lang='lat' dir='ltr'>tribus</span> <span class='ocrx_word' id='word_1_6' title='bbox 594 247 712 289; x_wconf 85' lang='lat' dir='ltr'>atque</span> <span class='ocrx_word' id='word_1_7' title='bbox 737 254 823 278; x_wconf 87' lang='lat' dir='ltr'>eam</span> <span class='ocrx_word' id='word_1_8' title='bbox 854 243 942 279; x_wconf 92' lang='lat' dir='ltr'>loco</span> <span class='ocrx_word' id='word_1_9' title='bbox 972 242 1145 291; x_wconf 80' lang='lat' dir='ltr'>depulit3</span> <span class='ocrx_word' id='word_1_10' title='bbox 1175 245 1295 281; x_wconf 86' lang='lat' dir='ltr'>altero</span> <span class='ocrx_word' id='word_1_11' title='bbox 1325 245 1510 282; x_wconf 82' lang='lat' dir='ltr'>Germani</span> 
     </span>
     <span class='ocr_line' id='line_1_3' title="bbox 185 303 1511 355; baseline 0.005 -15"><span class='ocrx_word' id='word_1_12' title='bbox 185 303 423 341; x_wconf 85' lang='lat' dir='ltr'>munitiones</span> <span class='ocrx_word' id='word_1_13' title='bbox 454 312 604 341; x_wconf 90' lang='lat' dir='ltr'>nostras</span> <span class='ocrx_word' id='word_1_14' title='bbox 637 305 779 353; x_wconf 78' lang='lat' dir='ltr'>egressi</span> <span class='ocrx_word' id='word_1_15' title='bbox 809 305 1076 355; x_wconf 80' lang='lat' dir='ltr'>compluribus</span> <span class='ocrx_word' id='word_1_16' title='bbox 1106 306 1316 346; x_wconf 89' lang='lat' dir='ltr'>interfectis</span> <span class='ocrx_word' id='word_1_17' title='bbox 1348 321 1432 346; x_wconf 89' lang='lat' dir='ltr'>sese</span> <span class='ocrx_word' id='word_1_18' title='bbox 1461 310 1511 346; x_wconf 88' lang='lat' dir='ltr'>ad</span> 
     </span>
     <span class='ocr_line' id='line_1_4' title="bbox 183 367 774 418; baseline 0.003 -14"><span class='ocrx_word' id='word_1_19' title='bbox 183 380 274 405; x_wconf 90' lang='lat' dir='ltr'>suos</span> <span class='ocrx_word' id='word_1_20' title='bbox 296 367 513 405; x_wconf 86' lang='lat' dir='ltr'>incolumes</span> <span class='ocrx_word' id='word_1_21' title='bbox 534 376 774 418; x_wconf 89' lang='lat' dir='ltr'>receperunt.</span> 
     </span>
    </p>

    <p class='ocr_par' dir='ltr' id='par_1_3' title="bbox 112 431 1511 741">
     <span class='ocr_line' id='line_1_5' title="bbox 112 431 1511 484; baseline 0.004 -16"><span class='ocrx_word' id='word_1_22' title='bbox 112 440 163 478; x_wconf 88' lang='lat'>53</span> <span class='ocrx_word' id='word_1_23' title='bbox 238 433 298 469; x_wconf 87' lang='lat' dir='ltr'>Ita</span> <span class='ocrx_word' id='word_1_24' title='bbox 314 444 393 469; x_wconf 93' lang='lat' dir='ltr'>uno</span> <span class='ocrx_word' id='word_1_25' title='bbox 410 431 473 469; x_wconf 92' lang='lat' dir='ltr'>die</span> <span class='ocrx_word' id='word_1_26' title='bbox 490 445 556 470; x_wconf 86' lang='lat' dir='ltr'>sex</span> <span class='ocrx_word' id='word_1_27' title='bbox 576 432 732 481; x_wconf 91' lang='lat' dir='ltr'>proeliis</span> <span class='ocrx_word' id='word_1_28' title='bbox 753 433 874 481; x_wconf 85' lang='lat' dir='ltr'>factis,</span> <span class='ocrx_word' id='word_1_29' title='bbox 891 433 1013 473; x_wconf 88' lang='lat' dir='ltr'>tribus</span> <span class='ocrx_word' id='word_1_30' title='bbox 1033 435 1083 473; x_wconf 85' lang='lat' dir='ltr'>ad</span> <span class='ocrx_word' id='word_1_31' title='bbox 1102 435 1369 484; x_wconf 84' lang='lat' dir='ltr'>Dyrrachium,</span> <span class='ocrx_word' id='word_1_32' title='bbox 1388 436 1511 475; x_wconf 87' lang='lat' dir='ltr'>tribus</span> 
     </span>
     <span class='ocr_line' id='line_1_6' title="bbox 180 495 1510 547; baseline 0.005 -15"><span class='ocrx_word' id='word_1_33' title='bbox 180 497 231 533; x_wconf 91' lang='lat' dir='ltr'>ad</span> <span class='ocrx_word' id='word_1_34' title='bbox 254 495 501 542; x_wconf 77' lang='lat' dir='ltr'>munitiones,</span> <span class='ocrx_word' id='word_1_35' title='bbox 525 509 616 534; x_wconf 88' lang='lat' dir='ltr'>cum</span> <span class='ocrx_word' id='word_1_36' title='bbox 638 498 778 534; x_wconf 92' lang='lat' dir='ltr'>horum</span> <span class='ocrx_word' id='word_1_37' title='bbox 800 497 977 535; x_wconf 90' lang='lat' dir='ltr'>omnium</span> <span class='ocrx_word' id='word_1_38' title='bbox 999 498 1096 536; x_wconf 85' lang='lat' dir='ltr'>ratio</span> <span class='ocrx_word' id='word_1_39' title='bbox 1120 499 1335 545; x_wconf 84' lang='lat' dir='ltr'>haberetur,</span> <span class='ocrx_word' id='word_1_40' title='bbox 1358 501 1415 547; x_wconf 49' lang='lat' dir='ltr'>ad„</span> <span class='ocrx_word' id='word_1_41' title='bbox 1430 501 1510 538; x_wconf 91' lang='lat' dir='ltr'>duo</span> 
     </span>
     <span class='ocr_line' id='line_1_7' title="bbox 181 558 1511 611; baseline 0.005 -15"><span class='ocrx_word' id='word_1_42' title='bbox 181 558 286 596; x_wconf 89' lang='lat' dir='ltr'>milia</span> <span class='ocrx_word' id='word_1_43' title='bbox 316 572 480 597; x_wconf 89' lang='lat' dir='ltr'>numero</span> <span class='ocrx_word' id='word_1_44' title='bbox 510 573 557 598; x_wconf 89' lang='lat' dir='ltr'>ex</span> <span class='ocrx_word' id='word_1_45' title='bbox 587 560 839 610; x_wconf 82' lang='lat' dir='ltr'>Pompeianis</span> <span class='ocrx_word' id='word_1_46' title='bbox 874 561 1063 600; x_wconf 89' lang='lat' dir='ltr'>cecidisse</span> <span class='ocrx_word' id='word_1_47' title='bbox 1092 562 1391 611; x_wconf 80' lang='lat' dir='ltr'>reperiebamus,</span> <span class='ocrx_word' id='word_1_48' title='bbox 1424 577 1511 602; x_wconf 87' lang='lat' dir='ltr'>evo-</span> 
     </span>
     <span class='ocr_line' id='line_1_8' title="bbox 180 623 1509 674; baseline 0.004 -14"><span class='ocrx_word' id='word_1_49' title='bbox 180 630 288 660; x_wconf 87' lang='lat' dir='ltr'>catos</span> <span class='ocrx_word' id='word_1_50' title='bbox 310 623 638 673; x_wconf 86' lang='lat' dir='ltr'>centurionesque</span> <span class='ocrx_word' id='word_1_51' title='bbox 659 625 870 674; x_wconf 88' lang='lat' dir='ltr'>compluris</span> <span class='ocrx_word' id='word_1_52' title='bbox 889 640 899 672; x_wconf 81' lang='lat'><em>3</em></span> <span class='ocrx_word' id='word_1_53' title='bbox 928 625 967 662; x_wconf 93' lang='lat' dir='ltr'>in</span> <span class='ocrx_word' id='word_1_54' title='bbox 988 639 1035 663; x_wconf 92' lang='lat' dir='ltr'>eo</span> <span class='ocrx_word' id='word_1_55' title='bbox 1057 625 1127 663; x_wconf 91' lang='lat' dir='ltr'>fuit</span> <span class='ocrx_word' id='word_1_56' title='bbox 1148 639 1311 664; x_wconf 92' lang='lat' dir='ltr'>numero</span> <span class='ocrx_word' id='word_1_57' title='bbox 1331 627 1509 666; x_wconf 89' lang='lat' dir='ltr'>Valerius</span> 
     </span>
     <span class='ocr_line' id='line_1_9' title="bbox 183 688 1510 741; baseline 0.004 -17"><span class='ocrx_word' id='word_1_58' title='bbox 183 688 345 725; x_wconf 81' lang='lat' dir='ltr'>Flaccus</span> <span class='ocrx_word' id='word_1_59' title='bbox 367 689 408 725; x_wconf 91' lang='lat' dir='ltr'>L.</span> <span class='ocrx_word' id='word_1_60' title='bbox 433 688 534 726; x_wconf 88' lang='lat' dir='ltr'>filius</span> <span class='ocrx_word' id='word_1_61' title='bbox 559 688 641 727; x_wconf 90' lang='lat' dir='ltr'>eius</span> <span class='ocrx_word' id='word_1_62' title='bbox 671 689 738 738; x_wconf 91' lang='lat' dir='ltr'>qui</span> <span class='ocrx_word' id='word_1_63' title='bbox 768 697 922 739; x_wconf 87' lang='lat' dir='ltr'>praetor</span> <span class='ocrx_word' id='word_1_64' title='bbox 942 690 1077 727; x_wconf 85' lang='lat' dir='ltr'>Asiam</span> <span class='ocrx_word' id='word_1_65' title='bbox 1105 689 1350 738; x_wconf 68' lang='lat' dir='ltr'>obtinuerat,</span> <span class='ocrx_word' id='word_1_66' title='bbox 1388 691 1510 741; x_wconf 87' lang='lat' dir='ltr'>signa-</span> 
     </span>
    </p>

    <p class='ocr_par' dir='ltr' id='par_1_4' title="bbox 90 752 1508 1576">
     <span class='ocr_line' id='line_1_10' title="bbox 144 752 1508 804; baseline 0.003 -16"><span class='ocrx_word' id='word_1_67' title='bbox 144 769 159 789; x_wconf 90' lang='lat'><strong>2</strong></span> <span class='ocrx_word' id='word_1_68' title='bbox 182 764 258 800; x_wconf 89' lang='lat' dir='ltr'>que</span> <span class='ocrx_word' id='word_1_69' title='bbox 297 759 386 789; x_wconf 88' lang='lat' dir='ltr'>sunt</span> <span class='ocrx_word' id='word_1_70' title='bbox 426 752 604 790; x_wconf 86' lang='lat' dir='ltr'>militaria</span> <span class='ocrx_word' id='word_1_71' title='bbox 642 766 708 791; x_wconf 85' lang='lat' dir='ltr'>sex</span> <span class='ocrx_word' id='word_1_72' title='bbox 747 755 874 791; x_wconf 86' lang='lat' dir='ltr'>relata.</span> <span class='ocrx_word' id='word_1_73' title='bbox 954 753 1087 791; x_wconf 88' lang='lat' dir='ltr'>Nostri</span> <span class='ocrx_word' id='word_1_74' title='bbox 1126 767 1206 791; x_wconf 92' lang='lat' dir='ltr'>non</span> <span class='ocrx_word' id='word_1_75' title='bbox 1244 754 1411 804; x_wconf 88' lang='lat' dir='ltr'>amplius</span> <span class='ocrx_word' id='word_1_76' title='bbox 1450 767 1508 792; x_wconf 86' lang='lat' dir='ltr'>xx</span> 
     </span>
     <span class='ocr_line' id='line_1_11' title="bbox 145 816 1507 866; baseline 0.003 -12"><span class='ocrx_word' id='word_1_77' title='bbox 145 832 161 862; x_wconf 78' lang='lat'>3</span> <span class='ocrx_word' id='word_1_78' title='bbox 181 816 365 855; x_wconf 89' lang='lat' dir='ltr'>omnibus</span> <span class='ocrx_word' id='word_1_79' title='bbox 387 825 475 855; x_wconf 92' lang='lat' dir='ltr'>sunt</span> <span class='ocrx_word' id='word_1_80' title='bbox 496 817 652 866; x_wconf 90' lang='lat' dir='ltr'>proeliis</span> <span class='ocrx_word' id='word_1_81' title='bbox 679 818 898 856; x_wconf 87' lang='lat' dir='ltr'>desiderati.</span> <span class='ocrx_word' id='word_1_82' title='bbox 959 820 1037 857; x_wconf 86' lang='lat' dir='ltr'>Sed</span> <span class='ocrx_word' id='word_1_83' title='bbox 1058 819 1097 856; x_wconf 89' lang='lat' dir='ltr'>in</span> <span class='ocrx_word' id='word_1_84' title='bbox 1118 820 1278 857; x_wconf 74' lang='lat' dir='ltr'>castello</span> <span class='ocrx_word' id='word_1_85' title='bbox 1299 832 1416 858; x_wconf 89' lang='lat' dir='ltr'>nemo</span> <span class='ocrx_word' id='word_1_86' title='bbox 1437 820 1507 858; x_wconf 89' lang='lat' dir='ltr'>fuit</span> 
     </span>
     <span class='ocr_line' id='line_1_12' title="bbox 180 880 1508 932; baseline 0.004 -15"><span class='ocrx_word' id='word_1_87' title='bbox 180 880 343 918; x_wconf 89' lang='lat' dir='ltr'>omnino</span> <span class='ocrx_word' id='word_1_88' title='bbox 383 881 549 919; x_wconf 88' lang='lat' dir='ltr'>militum</span> <span class='ocrx_word' id='word_1_89' title='bbox 588 882 683 931; x_wconf 92' lang='lat' dir='ltr'>quin</span> <span class='ocrx_word' id='word_1_90' title='bbox 722 884 996 929; x_wconf 87' lang='lat' dir='ltr'>vulneraretur,</span> <span class='ocrx_word' id='word_1_91' title='bbox 1039 891 1301 932; x_wconf 89' lang='lat' dir='ltr'>quattuorque</span> <span class='ocrx_word' id='word_1_92' title='bbox 1346 896 1393 921; x_wconf 89' lang='lat' dir='ltr'>ex</span> <span class='ocrx_word' id='word_1_93' title='bbox 1430 898 1508 922; x_wconf 88' lang='lat' dir='ltr'>una</span> 
     </span>
     <span class='ocr_line' id='line_1_13' title="bbox 90 945 1507 999; baseline 0.003 -18"><span class='ocrx_word' id='word_1_94' title='bbox 90 995 95 999; x_wconf 75' lang='lat'><em>.</em></span> <span class='ocrx_word' id='word_1_95' title='bbox 141 957 160 988; x_wconf 91' lang='lat'>4</span> <span class='ocrx_word' id='word_1_96' title='bbox 180 945 341 983; x_wconf 86' lang='lat' dir='ltr'>cohorte</span> <span class='ocrx_word' id='word_1_97' title='bbox 366 945 614 983; x_wconf 88' lang='lat' dir='ltr'>centuriones</span> <span class='ocrx_word' id='word_1_98' title='bbox 639 947 775 984; x_wconf 92' lang='lat' dir='ltr'>oculos</span> <span class='ocrx_word' id='word_1_99' title='bbox 799 946 1021 984; x_wconf 83' lang='lat' dir='ltr'>amiserunt.</span> <span class='ocrx_word' id='word_1_100' title='bbox 1084 948 1134 984; x_wconf 90' lang='lat' dir='ltr'>Et</span> <span class='ocrx_word' id='word_1_101' title='bbox 1158 960 1248 984; x_wconf 91' lang='lat' dir='ltr'>cum</span> <span class='ocrx_word' id='word_1_102' title='bbox 1278 947 1421 985; x_wconf 92' lang='lat' dir='ltr'>laboris</span> <span class='ocrx_word' id='word_1_103' title='bbox 1449 947 1507 985; x_wconf 90' lang='lat' dir='ltr'>sui</span> 
     </span>
     <span class='ocr_line' id='line_1_14' title="bbox 179 1009 1506 1062; baseline 0.002 -15"><span class='ocrx_word' id='word_1_104' title='bbox 179 1009 420 1059; x_wconf 87' lang='lat' dir='ltr'>periculique</span> <span class='ocrx_word' id='word_1_105' title='bbox 459 1010 728 1049; x_wconf 90' lang='lat' dir='ltr'>testimonium</span> <span class='ocrx_word' id='word_1_106' title='bbox 767 1013 918 1050; x_wconf 89' lang='lat' dir='ltr'>adferre</span> <span class='ocrx_word' id='word_1_107' title='bbox 953 1013 1106 1058; x_wconf 89' lang='lat' dir='ltr'>vellent,</span> <span class='ocrx_word' id='word_1_108' title='bbox 1142 1011 1248 1049; x_wconf 85' lang='lat' dir='ltr'>milia</span> <span class='ocrx_word' id='word_1_109' title='bbox 1282 1011 1506 1062; x_wconf 85' lang='lat' dir='ltr'>sagittarum</span> 
     </span>
     <span class='ocr_line' id='line_1_15' title="bbox 178 1073 1502 1123; baseline 0.002 -11"><span class='ocrx_word' id='word_1_110' title='bbox 178 1073 328 1113; x_wconf 88' lang='lat' dir='ltr'>circiter</span> <span class='ocrx_word' id='word_1_111' title='bbox 354 1087 444 1112; x_wconf 86' lang='lat' dir='ltr'>xxx</span> <span class='ocrx_word' id='word_1_112' title='bbox 471 1074 510 1112; x_wconf 91' lang='lat' dir='ltr'>in</span> <span class='ocrx_word' id='word_1_113' title='bbox 535 1077 738 1114; x_wconf 90' lang='lat' dir='ltr'>castellum</span> <span class='ocrx_word' id='word_1_114' title='bbox 763 1075 942 1114; x_wconf 88' lang='lat' dir='ltr'>coniecta</span> <span class='ocrx_word' id='word_1_115' title='bbox 966 1076 1124 1115; x_wconf 82' lang='lat' dir='ltr'>Caesari</span> <span class='ocrx_word' id='word_1_116' title='bbox 1150 1085 1502 1123; x_wconf 89' lang='lat' dir='ltr'>renumeraverunt,</span> 
     </span>
     <span class='ocr_line' id='line_1_16' title="bbox 179 1140 1506 1188; baseline 0.003 -13"><span class='ocrx_word' id='word_1_117' title='bbox 179 1146 370 1188; x_wconf 90' lang='lat' dir='ltr'>scutoque</span> <span class='ocrx_word' id='word_1_118' title='bbox 390 1141 441 1178; x_wconf 90' lang='lat' dir='ltr'>ad</span> <span class='ocrx_word' id='word_1_119' title='bbox 461 1153 551 1178; x_wconf 87' lang='lat' dir='ltr'>eum</span> <span class='ocrx_word' id='word_1_120' title='bbox 572 1142 693 1178; x_wconf 89' lang='lat' dir='ltr'>relato</span> <span class='ocrx_word' id='word_1_121' title='bbox 715 1142 884 1178; x_wconf 87' lang='lat' dir='ltr'>Scaevae</span> <span class='ocrx_word' id='word_1_122' title='bbox 911 1140 1149 1179; x_wconf 88' lang='lat' dir='ltr'>centurionis</span> <span class='ocrx_word' id='word_1_123' title='bbox 1177 1140 1335 1179; x_wconf 86' lang='lat' dir='ltr'>inventa</span> <span class='ocrx_word' id='word_1_124' title='bbox 1356 1149 1446 1179; x_wconf 90' lang='lat' dir='ltr'>sunt</span> <span class='ocrx_word' id='word_1_125' title='bbox 1467 1141 1506 1179; x_wconf 91' lang='lat' dir='ltr'>in</span> 
     </span>
     <span class='ocr_line' id='line_1_17' title="bbox 140 1203 1506 1253; baseline 0.004 -14"><span class='ocrx_word' id='word_1_126' title='bbox 140 1212 158 1243; x_wconf 82' lang='lat'>5</span> <span class='ocrx_word' id='word_1_127' title='bbox 178 1215 226 1239; x_wconf 91' lang='lat' dir='ltr'>eo</span> <span class='ocrx_word' id='word_1_128' title='bbox 250 1203 440 1241; x_wconf 88' lang='lat' dir='ltr'>foramina</span> <span class='ocrx_word' id='word_1_129' title='bbox 460 1215 554 1242; x_wconf 84' lang='lat' dir='ltr'>cxx.</span> <span class='ocrx_word' id='word_1_130' title='bbox 616 1205 747 1253; x_wconf 86' lang='lat' dir='ltr'>Quem</span> <span class='ocrx_word' id='word_1_131' title='bbox 769 1206 922 1252; x_wconf 88' lang='lat' dir='ltr'>Caesar,</span> <span class='ocrx_word' id='word_1_132' title='bbox 950 1212 992 1243; x_wconf 91' lang='lat' dir='ltr'>ut</span> <span class='ocrx_word' id='word_1_133' title='bbox 1021 1213 1101 1243; x_wconf 89' lang='lat' dir='ltr'>erat</span> <span class='ocrx_word' id='word_1_134' title='bbox 1130 1206 1180 1244; x_wconf 91' lang='lat' dir='ltr'>de</span> <span class='ocrx_word' id='word_1_135' title='bbox 1210 1219 1251 1243; x_wconf 93' lang='lat' dir='ltr'>se</span> <span class='ocrx_word' id='word_1_136' title='bbox 1282 1205 1440 1244; x_wconf 90' lang='lat' dir='ltr'>meritus</span> <span class='ocrx_word' id='word_1_137' title='bbox 1468 1214 1506 1244; x_wconf 90' lang='lat' dir='ltr'>et</span> 
     </span>
     <span class='ocr_line' id='line_1_18' title="bbox 177 1266 1506 1321; baseline 0.004 -18"><span class='ocrx_word' id='word_1_138' title='bbox 177 1266 227 1303; x_wconf 88' lang='lat' dir='ltr'>de</span> <span class='ocrx_word' id='word_1_139' title='bbox 249 1279 287 1304; x_wconf 90' lang='lat' dir='ltr'>re</span> <span class='ocrx_word' id='word_1_140' title='bbox 303 1267 469 1316; x_wconf 90' lang='lat' dir='ltr'>publica,</span> <span class='ocrx_word' id='word_1_141' title='bbox 487 1269 678 1306; x_wconf 90' lang='lat' dir='ltr'>donatum</span> <span class='ocrx_word' id='word_1_142' title='bbox 700 1268 857 1307; x_wconf 88' lang='lat' dir='ltr'>milibus</span> <span class='ocrx_word' id='word_1_143' title='bbox 879 1281 927 1307; x_wconf 86' lang='lat' dir='ltr'>cc</span> <span class='ocrx_word' id='word_1_144' title='bbox 953 1267 1102 1321; x_wconf 89' lang='lat' dir='ltr'>[atque]</span> <span class='ocrx_word' id='word_1_145' title='bbox 1125 1270 1175 1307; x_wconf 91' lang='lat' dir='ltr'>ab</span> <span class='ocrx_word' id='word_1_146' title='bbox 1197 1269 1342 1308; x_wconf 87' lang='lat' dir='ltr'>octavis</span> <span class='ocrx_word' id='word_1_147' title='bbox 1364 1270 1506 1309; x_wconf 91' lang='lat' dir='ltr'>ordini-</span> 
     </span>
     <span class='ocr_line' id='line_1_19' title="bbox 175 1330 1504 1384; baseline 0.004 -16"><span class='ocrx_word' id='word_1_148' title='bbox 175 1330 248 1368; x_wconf 92' lang='lat' dir='ltr'>bus</span> <span class='ocrx_word' id='word_1_149' title='bbox 281 1333 332 1370; x_wconf 88' lang='lat' dir='ltr'>ad</span> <span class='ocrx_word' id='word_1_150' title='bbox 366 1332 603 1382; x_wconf 88' lang='lat' dir='ltr'>primipilum</span> <span class='ocrx_word' id='word_1_151' title='bbox 644 1347 684 1372; x_wconf 89' lang='lat' dir='ltr'>se</span> <span class='ocrx_word' id='word_1_152' title='bbox 719 1335 920 1372; x_wconf 88' lang='lat' dir='ltr'>traducere</span> <span class='ocrx_word' id='word_1_153' title='bbox 960 1334 1363 1384; x_wconf 77' lang='lat' dir='ltr'>pronuntiavit-eius</span> <span class='ocrx_word' id='word_1_154' title='bbox 1399 1336 1504 1374; x_wconf 89' lang='lat' dir='ltr'>enim</span> 
     </span>
     <span class='ocr_line' id='line_1_20' title="bbox 173 1398 1504 1448; baseline 0.005 -16"><span class='ocrx_word' id='word_1_155' title='bbox 173 1407 292 1444; x_wconf 85' lang='lat' dir='ltr'>opera</span> <span class='ocrx_word' id='word_1_156' title='bbox 312 1398 514 1435; x_wconf 88' lang='lat' dir='ltr'>castellum</span> <span class='ocrx_word' id='word_1_157' title='bbox 536 1411 677 1448; x_wconf 84' lang='lat' dir='ltr'>magna</span> <span class='ocrx_word' id='word_1_158' title='bbox 697 1412 743 1436; x_wconf 87' lang='lat' dir='ltr'>ex</span> <span class='ocrx_word' id='word_1_159' title='bbox 764 1406 871 1448; x_wconf 89' lang='lat' dir='ltr'>parte</span> <span class='ocrx_word' id='word_1_160' title='bbox 899 1406 1170 1437; x_wconf 87' lang='lat' dir='ltr'>conservatum</span> <span class='ocrx_word' id='word_1_161' title='bbox 1192 1412 1277 1438; x_wconf 90' lang='lat' dir='ltr'>esse</span> <span class='ocrx_word' id='word_1_162' title='bbox 1299 1400 1504 1438; x_wconf 87' lang='lat' dir='ltr'>constabat</span> 
     </span>
     <span class='ocr_line' id='line_1_21' title="bbox 174 1461 1504 1514; baseline 0.005 -17"><span class='ocrx_word' id='word_1_163' title='bbox 174 1461 510 1510; x_wconf 85' lang='lat' dir='ltr'>—cohortemque</span> <span class='ocrx_word' id='word_1_164' title='bbox 544 1470 680 1511; x_wconf 89' lang='lat' dir='ltr'>postea</span> <span class='ocrx_word' id='word_1_165' title='bbox 714 1462 862 1512; x_wconf 87' lang='lat' dir='ltr'>duplici</span> <span class='ocrx_word' id='word_1_166' title='bbox 892 1463 1099 1513; x_wconf 87' lang='lat' dir='ltr'>stipendio,</span> <span class='ocrx_word' id='word_1_167' title='bbox 1134 1465 1339 1510; x_wconf 89' lang='lat' dir='ltr'>frumento,</span> <span class='ocrx_word' id='word_1_168' title='bbox 1373 1477 1504 1514; x_wconf 86' lang='lat' dir='ltr'>vespe-</span> 
     </span>
     <span class='ocr_line' id='line_1_22' title="bbox 173 1523 1218 1576; baseline 0.006 -16"><span class='ocrx_word' id='word_1_169' title='bbox 173 1523 298 1561; x_wconf 91' lang='lat' dir='ltr'>ciariis</span> <span class='ocrx_word' id='word_1_170' title='bbox 320 1524 629 1575; x_wconf 88' lang='lat' dir='ltr'>militaribusque</span> <span class='ocrx_word' id='word_1_171' title='bbox 650 1526 766 1565; x_wconf 87' lang='lat' dir='ltr'>donis</span> <span class='ocrx_word' id='word_1_172' title='bbox 786 1527 1026 1576; x_wconf 86' lang='lat' dir='ltr'>amplissime</span> <span class='ocrx_word' id='word_1_173' title='bbox 1048 1528 1218 1566; x_wconf 88' lang='lat' dir='ltr'>donavit.</span> 
     </span>
    </p>

    <p class='ocr_par' dir='ltr' id='par_1_5' title="bbox 103 1588 1504 1706">
     <span class='ocr_line' id='line_1_23' title="bbox 103 1588 1504 1643; baseline 0.005 -19"><span class='ocrx_word' id='word_1_174' title='bbox 103 1592 154 1632; x_wconf 89' lang='grc'>54</span> <span class='ocrx_word' id='word_1_175' title='bbox 229 1588 440 1637; x_wconf 88' lang='lat' dir='ltr'>Pompeius</span> <span class='ocrx_word' id='word_1_176' title='bbox 485 1598 604 1627; x_wconf 90' lang='lat' dir='ltr'>noctu</span> <span class='ocrx_word' id='word_1_177' title='bbox 651 1590 800 1640; x_wconf 86' lang='lat' dir='ltr'>magnis</span> <span class='ocrx_word' id='word_1_178' title='bbox 839 1591 982 1629; x_wconf 91' lang='lat' dir='ltr'>additis</span> <span class='ocrx_word' id='word_1_179' title='bbox 1024 1592 1309 1631; x_wconf 89' lang='lat' dir='ltr'>munitionibus</span> <span class='ocrx_word' id='word_1_180' title='bbox 1348 1593 1504 1643; x_wconf 89' lang='lat' dir='ltr'>reliquis</span> 
     </span>
     <span class='ocr_line' id='line_1_24' title="bbox 173 1651 1504 1706; baseline 0.005 -17"><span class='ocrx_word' id='word_1_181' title='bbox 173 1651 312 1690; x_wconf 91' lang='lat' dir='ltr'>diebus</span> <span class='ocrx_word' id='word_1_182' title='bbox 337 1652 448 1690; x_wconf 90' lang='lat' dir='ltr'>turris</span> <span class='ocrx_word' id='word_1_183' title='bbox 474 1654 657 1692; x_wconf 84' lang='lat' dir='ltr'>exstruxit</span> <span class='ocrx_word' id='word_1_184' title='bbox 687 1662 725 1694; x_wconf 91' lang='lat' dir='ltr'>et</span> <span class='ocrx_word' id='word_1_185' title='bbox 754 1655 794 1693; x_wconf 89' lang='lat' dir='ltr'>in</span> <span class='ocrx_word' id='word_1_186' title='bbox 824 1655 1072 1695; x_wconf 88' lang='lat' dir='ltr'>altitudinem</span> <span class='ocrx_word' id='word_1_187' title='bbox 1103 1658 1250 1706; x_wconf 90' lang='lat' dir='ltr'>pedum</span> <span class='ocrx_word' id='word_1_188' title='bbox 1275 1669 1330 1695; x_wconf 87' lang='lat' dir='ltr'>xv</span> <span class='ocrx_word' id='word_1_189' title='bbox 1357 1657 1504 1696; x_wconf 88' lang='lat' dir='ltr'>effectis</span> 
     </span>
    </p>

    <p class='ocr_par' dir='ltr' id='par_1_6' title="bbox 136 1716 1504 2028">
     <span class='ocr_line' id='line_1_25' title="bbox 136 1716 1504 1772; baseline 0.006 -19"><span class='ocrx_word' id='word_1_190' title='bbox 136 1733 151 1754; x_wconf 89' lang='lat'><strong>2</strong></span> <span class='ocrx_word' id='word_1_191' title='bbox 173 1716 356 1764; x_wconf 88' lang='lat' dir='ltr'>operibus</span> <span class='ocrx_word' id='word_1_192' title='bbox 382 1717 503 1756; x_wconf 86' lang='lat' dir='ltr'>vineis</span> <span class='ocrx_word' id='word_1_193' title='bbox 534 1732 620 1757; x_wconf 85' lang='lat' dir='ltr'>earn</span> <span class='ocrx_word' id='word_1_194' title='bbox 651 1728 800 1769; x_wconf 89' lang='lat' dir='ltr'>partem</span> <span class='ocrx_word' id='word_1_195' title='bbox 832 1729 1045 1760; x_wconf 87' lang='lat' dir='ltr'>castrorum</span> <span class='ocrx_word' id='word_1_196' title='bbox 1076 1722 1235 1769; x_wconf 84' lang='lat' dir='ltr'>obtexit,</span> <span class='ocrx_word' id='word_1_197' title='bbox 1264 1730 1302 1761; x_wconf 90' lang='lat' dir='ltr'>et</span> <span class='ocrx_word' id='word_1_198' title='bbox 1329 1723 1504 1772; x_wconf 89' lang='lat' dir='ltr'>quinque</span> 
     </span>
     <span class='ocr_line' id='line_1_26' title="bbox 174 1780 1504 1826; baseline 0.005 -8"><span class='ocrx_word' id='word_1_199' title='bbox 174 1780 401 1820; x_wconf 89' lang='lat' dir='ltr'>intermissis</span> <span class='ocrx_word' id='word_1_200' title='bbox 433 1783 573 1822; x_wconf 91' lang='lat' dir='ltr'>diebus</span> <span class='ocrx_word' id='word_1_201' title='bbox 607 1787 767 1825; x_wconf 84' lang='lat' dir='ltr'>alteram</span> <span class='ocrx_word' id='word_1_202' title='bbox 800 1794 957 1826; x_wconf 90' lang='lat' dir='ltr'>noctem</span> <span class='ocrx_word' id='word_1_203' title='bbox 989 1787 1240 1825; x_wconf 84' lang='lat' dir='ltr'>subnubilam</span> <span class='ocrx_word' id='word_1_204' title='bbox 1271 1795 1408 1826; x_wconf 87' lang='lat' dir='ltr'>nactus</span> <span class='ocrx_word' id='word_1_205' title='bbox 1437 1788 1504 1825; x_wconf 91' lang='lat' dir='ltr'>ob-</span> 
     </span>
     <span class='ocr_line' id='line_1_27' title="bbox 173 1845 1503 1901; baseline 0.007 -20"><span class='ocrx_word' id='word_1_206' title='bbox 173 1845 326 1883; x_wconf 87' lang='lat' dir='ltr'>structis</span> <span class='ocrx_word' id='word_1_207' title='bbox 369 1847 553 1886; x_wconf 89' lang='lat' dir='ltr'>omnibus</span> <span class='ocrx_word' id='word_1_208' title='bbox 602 1858 816 1889; x_wconf 90' lang='lat' dir='ltr'>castrorum</span> <span class='ocrx_word' id='word_1_209' title='bbox 866 1851 985 1901; x_wconf 88' lang='lat' dir='ltr'>portis</span> <span class='ocrx_word' id='word_1_210' title='bbox 1030 1859 1068 1889; x_wconf 90' lang='lat' dir='ltr'>et</span> <span class='ocrx_word' id='word_1_211' title='bbox 1109 1853 1161 1889; x_wconf 86' lang='lat' dir='ltr'>ad</span> <span class='ocrx_word' id='word_1_212' title='bbox 1205 1851 1503 1901; x_wconf 90' lang='lat' dir='ltr'>impediendum</span> 
     </span>
     <span class='ocr_line' id='line_1_28' title="bbox 173 1909 1503 1964; baseline 0.005 -18"><span class='ocrx_word' id='word_1_213' title='bbox 173 1909 336 1947; x_wconf 90' lang='lat' dir='ltr'>obiectis</span> <span class='ocrx_word' id='word_1_214' title='bbox 358 1911 469 1949; x_wconf 83' lang='lat' dir='ltr'>tertia</span> <span class='ocrx_word' id='word_1_215' title='bbox 496 1912 590 1951; x_wconf 89' lang='lat' dir='ltr'>inita</span> <span class='ocrx_word' id='word_1_216' title='bbox 611 1914 739 1964; x_wconf 88' lang='lat' dir='ltr'>vigilia</span> <span class='ocrx_word' id='word_1_217' title='bbox 765 1915 919 1953; x_wconf 87' lang='lat' dir='ltr'>silentio</span> <span class='ocrx_word' id='word_1_218' title='bbox 947 1915 1157 1953; x_wconf 82' lang='lat' dir='ltr'>exercitum</span> <span class='ocrx_word' id='word_1_219' title='bbox 1185 1915 1318 1953; x_wconf 89' lang='lat' dir='ltr'>eduxit</span> <span class='ocrx_word' id='word_1_220' title='bbox 1344 1923 1383 1954; x_wconf 90' lang='lat' dir='ltr'>et</span> <span class='ocrx_word' id='word_1_221' title='bbox 1403 1928 1444 1954; x_wconf 90' lang='lat' dir='ltr'>se</span> <span class='ocrx_word' id='word_1_222' title='bbox 1464 1915 1503 1952; x_wconf 90' lang='lat' dir='ltr'>in</span> 
     </span>
     <span class='ocr_line' id='line_1_29' title="bbox 172 1973 789 2028; baseline 0.013 -19"><span class='ocrx_word' id='word_1_223' title='bbox 172 1973 353 2022; x_wconf 83' lang='lat' dir='ltr'>antiquas</span> <span class='ocrx_word' id='word_1_224' title='bbox 375 1976 612 2016; x_wconf 89' lang='lat' dir='ltr'>munitiones</span> <span class='ocrx_word' id='word_1_225' title='bbox 634 1978 789 2028; x_wconf 89' lang='lat' dir='ltr'>recepit.</span> 
     </span>
    </p>

    <p class='ocr_par' dir='ltr' id='par_1_7' title="bbox 103 2038 1502 2092">
     <span class='ocr_line' id='line_1_30' title="bbox 103 2038 1502 2092; baseline 0.005 -19"><span class='ocrx_word' id='word_1_226' title='bbox 103 2047 154 2085; x_wconf 89' lang='lat'>55</span> <span class='ocrx_word' id='word_1_227' title='bbox 228 2038 423 2077; x_wconf 88' lang='lat' dir='ltr'>Omnibus</span> <span class='ocrx_word' id='word_1_228' title='bbox 464 2041 650 2092; x_wconf 88' lang='lat' dir='ltr'>deinceps</span> <span class='ocrx_word' id='word_1_229' title='bbox 689 2042 829 2080; x_wconf 89' lang='lat' dir='ltr'>diebus</span> <span class='ocrx_word' id='word_1_230' title='bbox 869 2043 1012 2081; x_wconf 86' lang='lat' dir='ltr'>Caesar</span> <span class='ocrx_word' id='word_1_231' title='bbox 1050 2041 1260 2080; x_wconf 87' lang='lat' dir='ltr'>exercitum</span> <span class='ocrx_word' id='word_1_232' title='bbox 1300 2042 1339 2079; x_wconf 90' lang='lat' dir='ltr'>in</span> <span class='ocrx_word' id='word_1_233' title='bbox 1377 2041 1502 2080; x_wconf 84' lang='lat' dir='ltr'>aciem</span> 
     </span>
    </p>

    <p class='ocr_par' dir='ltr' id='par_1_8' title="bbox 60 2091 1502 2156">
     <span class='ocr_line' id='line_1_31' title="bbox 60 2091 1502 2156; baseline 0.001 -15"><span class='ocrx_word' id='word_1_234' title='bbox 60 2091 147 2142; x_wconf 87' lang='lat'>(56)</span> <span class='ocrx_word' id='word_1_235' title='bbox 172 2114 342 2151; x_wconf 88' lang='lat' dir='ltr'>aequum</span> <span class='ocrx_word' id='word_1_236' title='bbox 373 2105 412 2141; x_wconf 91' lang='lat' dir='ltr'>in</span> <span class='ocrx_word' id='word_1_237' title='bbox 444 2107 573 2143; x_wconf 86' lang='lat' dir='ltr'>locum</span> <span class='ocrx_word' id='word_1_238' title='bbox 604 2106 796 2156; x_wconf 73' lang='lat' dir='ltr'>produxit,</span> <span class='ocrx_word' id='word_1_239' title='bbox 827 2106 857 2143; x_wconf 91' lang='lat' dir='ltr'>si</span> <span class='ocrx_word' id='word_1_240' title='bbox 886 2105 1097 2155; x_wconf 89' lang='lat' dir='ltr'>Pompeius</span> <span class='ocrx_word' id='word_1_241' title='bbox 1126 2105 1274 2155; x_wconf 90' lang='lat' dir='ltr'>proelio</span> <span class='ocrx_word' id='word_1_242' title='bbox 1304 2106 1502 2143; x_wconf 90' lang='lat' dir='ltr'>decertare</span> 
     </span>
    </p>
   </div>
   <div class='ocr_carea' id='block_1_3' title="bbox 175 2207 1507 2420">
    <p class='ocr_par' dir='ltr' id='par_1_9' title="bbox 175 2207 1507 2420">
     <span class='ocr_line' id='line_1_32' title="bbox 222 2207 1501 2246; baseline 0.002 -10"><span class='ocrx_word' id='word_1_243' title='bbox 222 2218 258 2245; x_wconf 85' lang='lat'>14</span> <span class='ocrx_word' id='word_1_244' title='bbox 284 2208 418 2238; x_wconf 88' lang='lat' dir='ltr'>circiter</span> <span class='ocrx_word' id='word_1_245' title='bbox 443 2218 513 2238; x_wconf 86' lang='lat' dir='ltr'>xxx</span> <span class='ocrx_word' id='word_1_246' title='bbox 537 2208 643 2238; x_wconf 62' lang='lat' dir='ltr'>codd:</span> <span class='ocrx_word' id='word_1_247' title='bbox 670 2212 805 2238; x_wconf 88' lang='lat' dir='ltr'>centurn</span> <span class='ocrx_word' id='word_1_248' title='bbox 822 2219 859 2238; x_wconf 89' lang='lat' dir='ltr'>ac</span> <span class='ocrx_word' id='word_1_249' title='bbox 877 2208 1014 2246; x_wconf 87' lang='lat' dir='ltr'>triginta</span> <span class='ocrx_word' id='word_1_250' title='bbox 1032 2207 1252 2239; x_wconf 72' lang='lat' dir='ltr'>Suet011.Div.</span> <span class='ocrx_word' id='word_1_251' title='bbox 1269 2207 1333 2237; x_wconf 82' lang='lat' dir='ltr'>Iul.</span> <span class='ocrx_word' id='word_1_252' title='bbox 1347 2209 1389 2238; x_wconf 87' lang='grc'>68</span> <span class='ocrx_word' id='word_1_253' title='bbox 1452 2219 1501 2239; x_wconf 87' lang='lat' dir='ltr'>re-</span> 
     </span>
     <span class='ocr_line' id='line_1_33' title="bbox 175 2250 1507 2282; baseline 0.002 -2"><span class='ocrx_word' id='word_1_254' title='bbox 175 2255 438 2280; x_wconf 82' lang='lat' dir='ltr'>numeraverunt</span> <span class='ocrx_word' id='word_1_255' title='bbox 456 2250 630 2281; x_wconf 70' lang='lat' dir='ltr'><em>ELUVF2</em></span> <span class='ocrx_word' id='word_1_256' title='bbox 646 2262 652 2281; x_wconf 79' lang='lat' dir='ltr'><strong><em>z</em></strong></span> <span class='ocrx_word' id='word_1_257' title='bbox 678 2252 725 2281; x_wconf 82' lang='lat' dir='ltr'>rei</span> <span class='ocrx_word' id='word_1_258' title='bbox 744 2256 1007 2281; x_wconf 79' lang='lat' dir='ltr'>numeraverunt</span> <span class='ocrx_word' id='word_1_259' title='bbox 1025 2250 1063 2280; x_wconf 69' lang='lat' dir='ltr'>F*</span> <span class='ocrx_word' id='word_1_260' title='bbox 1082 2262 1088 2280; x_wconf 90' lang='lat'>:</span> <span class='ocrx_word' id='word_1_261' title='bbox 1119 2256 1418 2281; x_wconf 85' lang='lat' dir='ltr'>remuneraverunt</span> <span class='ocrx_word' id='word_1_262' title='bbox 1438 2251 1507 2282; x_wconf 91' lang='lat' dir='ltr'>DT</span> 
     </span>
     <span class='ocr_line' id='line_1_34' title="bbox 178 2293 1500 2333; baseline 0.001 -10"><span class='ocrx_word' id='word_1_263' title='bbox 178 2295 216 2323; x_wconf 87' lang='lat'>16</span> <span class='ocrx_word' id='word_1_264' title='bbox 242 2303 307 2323; x_wconf 85' lang='lat' dir='ltr'>cxx</span> <span class='ocrx_word' id='word_1_265' title='bbox 329 2294 413 2324; x_wconf 86' lang='lat' dir='ltr'>codd.</span> <span class='ocrx_word' id='word_1_266' title='bbox 435 2305 518 2332; x_wconf 71' lang='lat' dir='ltr'>rem,</span> <span class='ocrx_word' id='word_1_267' title='bbox 541 2293 674 2324; x_wconf 77' lang='lat' dir='ltr'>Sueton.</span> <span class='ocrx_word' id='word_1_268' title='bbox 699 2294 770 2324; x_wconf 78' lang='lat' dir='ltr'>Div.</span> <span class='ocrx_word' id='word_1_269' title='bbox 794 2294 855 2324; x_wconf 78' lang='lat' dir='ltr'>Iul.</span> <span class='ocrx_word' id='word_1_270' title='bbox 875 2296 939 2324; x_wconf 90' lang='lat'>68:</span> <span class='ocrx_word' id='word_1_271' title='bbox 966 2303 1053 2324; x_wconf 83' lang='lat' dir='ltr'>ccxx</span> <span class='ocrx_word' id='word_1_272' title='bbox 1072 2293 1177 2323; x_wconf 76' lang='lat' dir='ltr'><strong><em>D‘T‘:</em></strong></span> <span class='ocrx_word' id='word_1_273' title='bbox 1204 2303 1314 2323; x_wconf 88' lang='lat' dir='ltr'>ccxxx</span> <span class='ocrx_word' id='word_1_274' title='bbox 1333 2294 1372 2322; x_wconf 92' lang='lat' dir='ltr'>L&#39;</span> <span class='ocrx_word' id='word_1_275' title='bbox 1464 2305 1500 2333; x_wconf 82' lang='lat'>17</span> 
     </span>
     <span class='ocr_line' id='line_1_35' title="bbox 175 2335 1498 2376; baseline 0.001 -10"><span class='ocrx_word' id='word_1_276' title='bbox 175 2337 291 2374; x_wconf 69' lang='lat' dir='ltr'>atquel</span> <span class='ocrx_word' id='word_1_277' title='bbox 306 2347 476 2367; x_wconf 89' lang='lat' dir='ltr'>nummum</span> <span class='ocrx_word' id='word_1_278' title='bbox 489 2337 608 2367; x_wconf 80' lang='lat' dir='ltr'>Holder</span> <span class='ocrx_word' id='word_1_279' title='bbox 665 2348 707 2367; x_wconf 90' lang='lat'>20</span> <span class='ocrx_word' id='word_1_280' title='bbox 725 2337 938 2376; x_wconf 65' lang='lat' dir='ltr'>vespeciariis</span> <span class='ocrx_word' id='word_1_281' title='bbox 950 2337 1037 2368; x_wconf 78' lang='lat' dir='ltr'>ET&#39;:</span> <span class='ocrx_word' id='word_1_282' title='bbox 1056 2337 1270 2375; x_wconf 76' lang='lat' dir='ltr'>vespetiariis</span> <span class='ocrx_word' id='word_1_283' title='bbox 1281 2335 1376 2366; x_wconf 91' lang='lat' dir='ltr'><em>DL&#39;:</em></span> <span class='ocrx_word' id='word_1_284' title='bbox 1395 2342 1498 2376; x_wconf 82' lang='lat' dir='ltr'>veste,</span> 
     </span>
     <span class='ocr_line' id='line_1_36' title="bbox 177 2378 1479 2420; baseline 0 -11"><span class='ocrx_word' id='word_1_285' title='bbox 177 2379 310 2409; x_wconf 85' lang='lat' dir='ltr'>cibariis</span> <span class='ocrx_word' id='word_1_286' title='bbox 330 2380 480 2410; x_wconf 71' lang='lat' dir='ltr'>sm&#39;act&#39;us</span> <span class='ocrx_word' id='word_1_287' title='bbox 568 2391 610 2418; x_wconf 81' lang='lat'>29</span> <span class='ocrx_word' id='word_1_288' title='bbox 634 2380 788 2420; x_wconf 69' lang='lat' dir='ltr'>Capisam</span> <span class='ocrx_word' id='word_1_289' title='bbox 806 2380 951 2409; x_wconf 71' lang='lat' dir='ltr'>ordinem</span> <span class='ocrx_word' id='word_1_290' title='bbox 971 2378 1246 2420; x_wconf 75' lang='lat' dir='ltr'>Nipperdez&#39;anum</span> <span class='ocrx_word' id='word_1_291' title='bbox 1263 2383 1387 2409; x_wconf 65' lang='lat' dir='ltr'>saulus</span> <span class='ocrx_word' id='word_1_292' title='bbox 1403 2391 1479 2409; x_wconf 81' lang='lat' dir='ltr'>sum</span> 
     </span>
    </p>
   </div>
   <div class='ocr_carea' id='block_1_4' title="bbox 1531 514 1547 544">
    <p class='ocr_par' dir='ltr' id='par_1_10' title="bbox 1531 514 1547 544">
     <span class='ocr_line' id='line_1_37' title="bbox 1531 514 1547 544; baseline 0 0"><span class='ocrx_word' id='word_1_293' title='bbox 1531 514 1547 544; x_wconf 86' lang='lat'>5</span> 
     </span>
    </p>
   </div>
   <div class='ocr_carea' id='block_1_5' title="bbox 1530 833 1569 856">
    <p class='ocr_par' dir='ltr' id='par_1_11' title="bbox 1530 833 1569 856">
     <span class='ocr_line' id='line_1_38' title="bbox 1530 833 1569 856; baseline 0.026 -1"><span class='ocrx_word' id='word_1_294' title='bbox 1530 833 1569 856; x_wconf 92' lang='lat'>10</span> 
     </span>
    </p>
   </div>
   <div class='ocr_carea' id='block_1_6' title="bbox 1531 1155 1565 1186">
    <p class='ocr_par' dir='ltr' id='par_1_12' title="bbox 1531 1155 1565 1186">
     <span class='ocr_line' id='line_1_39' title="bbox 1531 1155 1565 1186; baseline 0 0"><span class='ocrx_word' id='word_1_295' title='bbox 1531 1155 1565 1186; x_wconf 86' lang='lat'>15</span> 
     </span>
    </p>
   </div>
   <div class='ocr_carea' id='block_1_7' title="bbox 1526 1475 1566 1497">
    <p class='ocr_par' dir='ltr' id='par_1_13' title="bbox 1526 1475 1566 1497">
     <span class='ocr_line' id='line_1_40' title="bbox 1526 1475 1566 1497; baseline 0.025 -1"><span class='ocrx_word' id='word_1_296' title='bbox 1526 1475 1566 1497; x_wconf 88' lang='lat'>20</span> 
     </span>
    </p>
   </div>
   <div class='ocr_carea' id='block_1_8' title="bbox 1524 2117 1563 2148">
    <p class='ocr_par' dir='ltr' id='par_1_14' title="bbox 1524 2117 1563 2148">
     <span class='ocr_line' id='line_1_41' title="bbox 1524 2117 1563 2148; baseline 0 -8"><span class='ocrx_word' id='word_1_297' title='bbox 1524 2117 1563 2148; x_wconf 81' lang='lat'>30</span> 
     </span>
    </p>
   </div>
  </div>
 </body>
</html>
