1705 2729
495 138 567 174 DE
599 138 778 175 BELLO
810 138 986 176 ClVILI
1019 140 1120 175 LIB.
1155 140 1196 176 ΙΙ

187 254 375 285 vetustate
399 259 516 296 quam
546 260 616 297 pro
641 248 785 285 meritis
815 248 854 285 in
885 261 925 286 se
950 248 1113 286 civitatis
1144 262 1377 287 conservans
1408 251 1504 288 duas

186 311 239 349 ibi
272 310 443 360 legiones
478 311 670 360 praesidio
705 311 897 361 relinquit,
931 319 1076 350 ceteras
1108 313 1147 350 in
1179 313 1331 351 Italiam
1362 314 1504 355 mittit:

185 375 266 424 ipse
285 376 336 413 ad
356 375 491 413 urbem
512 375 776 424 proficiscitur.

240 440 372 477 Isdem
414 440 655 489 temporibus
695 442 738 479 C.
781 441 901 480 Curio
940 442 979 479 in
1014 442 1186 480 Africam
1225 444 1420 492 profectus
1460 456 1505 480 ex
1525 453 1574 490 23

148 516 164 547 5
185 503 313 542 Sicilia
339 512 376 542 et
402 504 478 542 iam
508 505 558 542 ab
585 504 694 543 initio
722 505 854 554 copias
880 508 920 544 P.
943 506 1026 544 Atti
1047 507 1139 544 Vari
1163 507 1383 556 despiciens
1408 509 1504 545 duas

184 568 356 618 legiones
377 583 423 607 ex
444 581 506 607 1111
525 583 619 619 quas
640 583 662 608 a
683 571 850 609 Caesare
870 579 1085 621 acceperat,
1102 584 1128 608 D
1151 572 1300 621 equites
1315 580 1505 622 transpor-

183 633 290 671 tabat
324 633 524 682 biduoque
554 642 591 672 et
621 635 803 673 noctibus
833 635 954 674 tribus
985 636 1232 686 navigatione
1261 637 1505 686 consumptis

183 697 341 747 appellit
372 699 422 736 ad
456 711 545 736 eum
579 700 711 737 locum
746 699 812 749 qui
850 702 1067 750 appellatur
1098 700 1350 750 Anquillaria.
1425 701 1504 739 Hic
1527 713 1541 734 2

183 763 291 800 locus
308 762 417 800 abest
437 775 458 800 a
475 763 634 813 Clupeis
655 777 839 813 passuum
862 767 953 802 ᾗ
976 765 1173 814 habetque
1190 778 1269 804 non
1291 765 1505 804 incommo-

129 842 164 864 10
183 827 274 865 dam
294 834 439 865 aestate
461 827 668 866 stationem
691 836 728 866 et
758 829 914 867 duobus
935 829 1199 868 eminentibus
1226 830 1504 880 promunturiis

183 890 412 929 continetur.
464 891 595 929 Huius
622 894 834 931 adventum
858 895 898 931 L.
923 894 1067 932 Caesar
1087 894 1187 932 filius
1214 907 1304 932 cum
1325 906 1352 931 X
1380 894 1504 943 longis
1526 903 1543 932 3

182 955 346 994 navibus
375 957 425 994 ad
450 957 600 1006 Clupea
624 959 875 1006 praestolans,
905 971 1000 1007 quas
1025 959 1132 996 navis
1158 958 1299 997 Uticae
1326 972 1372 996 ex
1401 972 1506 1008 prae-

182 1022 332 1058 donum
371 1021 475 1059 bello
507 1022 719 1060 subductas
752 1024 792 1060 P.
830 1022 960 1060 Attius
991 1023 1220 1061 reficiendas
1260 1023 1374 1061 huius
1414 1024 1504 1061 belli

183 1098 299 1123 causa
330 1093 537 1132 curaverat,
567 1085 813 1139 veritussque]
844 1087 1001 1125 navium
1031 1087 1323 1126 multitudinem
1351 1101 1396 1125 ex
1425 1089 1504 1126 alto

126 1163 161 1194 15
182 1152 371 1199 refugerat
401 1152 643 1200 appulsaque
672 1152 723 1189 ad
753 1151 971 1201 proximum
1002 1151 1091 1189 litus
1126 1151 1279 1189 trireme
1309 1160 1503 1190 constrata

181 1222 218 1253 et
249 1214 288 1252 in
322 1214 432 1252 litore
463 1214 595 1253 relicta
632 1215 800 1265 pedibus
834 1217 1125 1254 Hadrumetum
1165 1217 1394 1266 profugerat.
1455 1217 1503 1254 Id
1523 1228 1542 1257 4

180 1280 370 1330 oppidum
409 1280 452 1318 C.
495 1279 708 1318 Considius
754 1282 913 1330 Longus
951 1280 1066 1318 unius
1105 1280 1267 1330 legionis
1309 1280 1503 1330 praesidio

180 1347 369 1384 tuebatur.
432 1344 622 1394 Reliquae
644 1344 821 1384 Caesaris
848 1357 965 1383 naves
987 1344 1069 1383 eius
1096 1346 1186 1394 fuga
1213 1358 1253 1382 se
1282 1345 1502 1383 Hadrume-

180 1419 261 1449 tum
300 1418 538 1460 receperunt.
600 1411 722 1448 Hunc
756 1417 912 1448 secutus
953 1409 1124 1447 Marcius
1160 1411 1286 1447 Rufus
1320 1418 1502 1458 quaestor
1523 1421 1540 1452 5

123 1491 161 1514 20
180 1475 343 1514 navibus
382 1488 455 1523 XII,
495 1488 591 1525 quas
631 1474 825 1525 praesidio
863 1474 1047 1512 onerariis
1094 1474 1258 1512 navibus
1298 1473 1418 1512 Curio
1456 1487 1503 1511 ex

180 1540 309 1579 Sicilia
343 1542 538 1587 eduxerat,
572 1548 781 1589 postquam
817 1539 855 1577 in
887 1539 998 1578 litore
1030 1539 1203 1577 relictam
1238 1552 1377 1576 navem
1413 1551 1502 1576 con-

179 1605 313 1654 spexit,
337 1606 438 1643 hanc
462 1606 636 1643 remulco
663 1604 847 1643 abstraxit
866 1619 875 1651 3
904 1603 986 1653 ipse
1017 1605 1067 1641 ad
1093 1605 1135 1642 C.
1167 1603 1381 1642 Curionem
1411 1616 1500 1640 cum

179 1670 301 1707 classe
322 1670 430 1708 redit.

234 1734 354 1773 Curio
383 1734 576 1773 Marcium
605 1734 763 1774 Uticam
791 1734 955 1772 navibus
980 1732 1217 1782 praemittit3
1249 1732 1331 1781 ipse
1359 1733 1500 1770 eodem
1521 1741 1570 1778 24

123 1815 158 1846 ²5
179 1811 269 1836 cum
312 1799 480 1838 exercitu
528 1799 784 1849 proficiscitur
832 1798 1021 1848 biduique
1068 1798 1139 1836 iter
1181 1810 1405 1847 progressus
1451 1798 1501 1834 ad

178 1865 325 1902 flumen
365 1865 581 1913 Bagradam
620 1863 804 1913 pervenit.
877 1863 938 1901 Ibi
977 1864 1020 1902 C.
1063 1861 1273 1902 Caninium
1314 1861 1500 1899 Rebilum
1524 1880 1538 1900 2

178 1929 346 1977 legatum
368 1942 457 1966 cum
479 1928 698 1978 legionibus
725 1927 878 1978 reliquit
897 1943 905 1975 3
935 1927 1017 1977 ipse
1038 1940 1128 1965 cum
1149 1926 1323 1976 equitatu
1350 1933 1501 1964 antece-

177 1993 233 2031 dit
253 1994 304 2031 ad
325 1995 461 2032 Castra
481 1994 719 2043 exploranda
740 1992 933 2039 Cornelia,
955 1993 1063 2041 quod
1084 1991 1115 2030 is
1136 1993 1245 2029 locus
1264 1991 1501 2040 peridoneus

177 2057 309 2095 castris
333 2058 559 2096 habebatur.
622 2059 670 2096 Id
696 2064 826 2095 autem
854 2065 911 2095 est
939 2057 1071 2106 iugum
1097 2057 1298 2094 derectum
1323 2055 1500 2093 eminens
1523 2070 1539 2100 3

218 2173 240 2201 9
264 2163 506 2193 incommodam
539 2173 572 2193 r:
612 2161 822 2192 incommoda
856 2159 893 2189 X
1027 2170 1063 2198 14
1088 2169 1154 2198 que
1180 2163 1254 2199 pos!
1284 2159 1409 2189 veritus
1440 2157 1497 2189 del.

181 2203 383 2236 Vascosanus
474 2206 512 2235 18
536 2205 672 2244 cognita
691 2208 766 2245 post
789 2214 891 2234 naves
919 2203 992 2234 add.
1021 2202 1190 2233 Schneider
1292 2212 1331 2240 19
1356 2202 1500 2232 Marcius

176 2247 350 2288 Nipperdey
365 2260 371 2279 :
398 2249 442 2280 M.
460 2248 546 2280 codd.
570 2250 657 2289 (ante
675 2248 830 2278 lacunam
846 2251 964 2287 septem
983 2247 1162 2276 litterarzmz
1185 2246 1224 2284 V)
1391 2244 1500 2275 Rufus

176 2289 272 2321 D'T:
300 2292 420 2322 Rufius
438 2291 514 2321 L'V
641 2302 682 2321 22
706 2290 855 2321 remulco
874 2301 907 2320 r:
928 2289 1078 2328 remulgo
1099 2287 1135 2318 X
1276 2289 1318 2319 28
1342 2288 1499 2318 Cornelia

177 2333 224 2365 L:
249 2335 452 2366 Corneliana
476 2333 584 2365 D'U':
619 2334 795 2365 canidiana
824 2333 860 2363 T‘
1003 2343 1045 2371 29
1069 2333 1241 2363 derectum
1259 2334 1301 2366 B:
1337 2332 1498 2361 directum

176 2375 305 2407 D'L2V
316 2388 392 2408 corr.

219 2440 310 2463 CAEs.
331 2441 393 2462 B.c.
1393 2428 1413 2456 5
