1705 2729
629 148 863 186 INCER'l'I
897 145 1083 185 AVCTO
1092 146 1176 183 lus

241 267 372 297 nostra
412 257 629 308 perveniret
663 258 789 297 †fe1·e†
822 256 919 294 inter
954 254 1209 295 Caesarianos
1243 262 1281 292 et
1319 253 1417 292 inter
1453 255 1564 291 Pom-

204 336 218 356 2
240 322 412 373 peianos.
473 324 593 360 Erant
623 321 686 359 hic
713 319 884 370 legiones
913 321 1014 358 duae
1036 333 1081 357 ex
1111 317 1278 368 perfugis
1308 316 1562 366 conscriptae,

240 387 380 436 partim
401 386 691 436 oppidanorum
713 384 822 431 servi,
846 384 912 434 qui
943 392 1050 422 erant
1077 397 1100 421 a
1124 385 1208 421 Sex.
1234 381 1424 433 Pompeio
1446 395 1564 420 manu

240 451 374 498 missi;
415 451 482 500 qui
512 450 551 488 in
583 450 759 489 Caesaris
787 451 998 488 adventum
1029 448 1317 487 †descendere†
1339 454 1565 496 coeperunt.

204 515 362 565 3Legio
402 527 490 552 xm.
533 514 724 564 oppidum
764 515 975 553 defendere
1015 513 1155 563 coepit,
1197 516 1325 551 †non†
1363 524 1454 549 cum
1489 511 1603 554 iam5

201 594 220 624 4
239 581 519 629 depugnarent,
543 578 654 616 turris
676 592 721 616 ex
742 586 850 628 parte
877 586 914 616 et
936 591 1088 616 murum
1110 583 1362 626 occuparunt.
1423 577 1566 613 Denuo
1591 573 1594 576 ⁴

240 644 387 692 legatos
408 644 457 682 ad
480 644 687 682 Caesarem
710 642 879 689 mittunt,
904 650 944 680 ut
966 642 1038 680 sibi
1060 640 1233 690 legiones
1254 638 1431 678 subsidio
1452 638 1567 677 intro-

241 706 420 745 mitteret.
483 709 574 745 Hoc
592 720 681 745 cum
702 707 1056 745 animadverterent
1073 704 1253 743 homines
1275 703 1434 753 fugitivi,
1458 702 1566 753 oppi-

204 773 337 819 5dum
376 772 586 810 incendere
626 779 848 821 coeperunt.
911 771 990 820 Qui
1030 769 1198 820 superati
1236 782 1259 806 a
1298 767 1438 806 nostris
1478 775 1567 806 sunt

241 836 432 875 interfecti
463 836 668 874 hominum
697 835 801 873 milia
832 847 935 882 XXII,
958 843 1108 884 praeter
1136 847 1253 884 quam
1281 840 1386 872 extra
1414 845 1566 871 murum
1592 850 1628 871 10

203 912 221 944 6
241 901 307 950 qui
357 900 563 951 perierunt.
625 902 685 938 Ita
734 902 878 939 Caesar
926 899 1075 949 oppido
1123 898 1278 947 potitur.
1351 899 1457 935 Dum
1506 896 1568 934 hic

241 965 446 1012 detinetur,
479 978 525 1003 ex
554 964 702 1015 proelio
731 978 829 1014 quos
860 962 1182 1002 circummunitos
1212 961 1388 1011 superius
1409 963 1569 1000 demon-

241 1029 456 1076 stravimus,
480 1029 725 1078 eruptionem
746 1030 920 1067 fecerunt
951 1036 988 1066 et
1013 1028 1114 1066 bene
1135 1027 1266 1065 multis
1288 1025 1498 1065 interfectis
1529 1025 1567 1063 in

241 1094 433 1144 oppidum
455 1101 544 1132 sunt
565 1093 721 1132 redacti.

170 1168 221 1206 35
295 1160 438 1198 Caesar
478 1158 675 1207 Hispalim
714 1171 804 1196 cum
843 1157 1121 1203 contendisset,
1161 1156 1274 1207 legati
1314 1157 1567 1206 deprecatum
1590 1171 1626 1204 15

240 1230 439 1262 venerunt.
500 1224 560 1261 Ita
593 1236 683 1260 cum
714 1223 765 1261 ad
796 1222 986 1272 oppidum
1021 1230 1121 1260 esset
1154 1229 1326 1268 ventum,
1358 1220 1568 1260 Caninium

241 1302 332 1326 cum
362 1287 557 1338 praesidio
586 1289 756 1337 legatum
787 1287 1030 1325 intromittit:
1061 1286 1143 1336 ipse
1164 1294 1288 1325 castra
1307 1287 1358 1324 ad
1378 1285 1569 1335 oppidum

205 1366 219 1387 2
242 1351 363 1402 ponit.
425 1353 517 1390 Erat
544 1352 645 1390 bene
666 1355 900 1401 †magnum†
921 1351 1020 1388 intra
1042 1351 1368 1400 Pompeianarum
1390 1349 1567 1399 partium,

242 1430 342 1466 quae
363 1415 599 1466 praesidium
621 1423 821 1466 receptum
849 1415 1114 1464 indignaretur
1142 1417 1241 1453 clam
1264 1415 1461 1465 quendam
1484 1413 1570 1451 Phi-

242 1483 385 1528 lonem,
417 1481 536 1528 illum,
569 1480 635 1530 qui
666 1480 993 1530 Pompeianarum
1028 1479 1195 1529 partium
1224 1480 1359 1518 fuisset
1388 1480 1571 1518 defensor
1591 1494 1631 1516 20

206 1558 221 1587 5
242 1545 539 1584 acerrimus—is
577 1553 659 1583 tota
693 1544 893 1583 Lusitania
931 1544 1157 1583 notissimus
1188 1552 1334 1583 erat-—z
1373 1543 1436 1582 hic
1469 1545 1569 1581 clam

243 1610 435 1660 praesidia
474 1609 715 1648 Lusitaniam
760 1609 1017 1659 proficiscitur
1061 1617 1098 1647 et
1137 1608 1353 1649 Caecilium
1393 1607 1568 1658 Nigrum,

244 1674 445 1713 hominem
460 1675 680 1721 barbarum,
696 1675 746 1712 ad
765 1674 961 1712 Lennium
978 1673 1172 1721 convenit,
1189 1673 1255 1723 qui
1271 1674 1373 1711 bene
1390 1685 1569 1722 magnam

203 1754 222 1784 4
246 1753 406 1777 manum
430 1739 706 1777 Lusitanorum
734 1739 905 1777 haberet.
968 1740 1160 1777 Reversus
1184 1737 1382 1788 Hispalim
1403 1739 1443 1775 in
1464 1736 1571 1787 oppi-

245 1805 339 1843 dum
362 1805 494 1842 denuo
514 1811 635 1842 noctu
659 1817 727 1853 per
754 1817 908 1841 murum
930 1803 1112 1852 recipitur
1131 1819 1136 1841 :
1167 1802 1416 1852 praesidium,
1438 1802 1570 1852 vigiles
1592 1818 1629 1849 25

244 1868 430 1918 iugulant,
453 1875 583 1917 portas
604 1869 872 1918 praecludunt,
897 1869 946 1906 de
968 1867 1117 1917 integro
1138 1880 1310 1918 pugnare
1330 1874 1554 1917 coeperunt.

288 1981 300 2000 r
327 1971 397 2001 sere
414 1969 470 2001 X:
507 1971 600 2001 rixae
618 1972 696 2002 coni.
718 1971 906 2002 Mommsen
924 1983 930 2001 :
962 1971 1056 2001 verba
1081 1970 1151 2001 fere
1169 1994 1176 2001 .
1195 1994 1202 2001 .
1224 1994 1229 2000 .
1252 1970 1476 2009 Pompeianos
1499 1971 1566 2003 secl.

241 2014 431 2054 Hoffmann
589 2025 607 2044 2
633 2016 719 2046 duae
746 2014 907 2054 Madvig:
942 2025 1029 2053 quae
1054 2013 1092 2043 X
1242 2024 1261 2052 4
1285 2014 1491 2044 descendere
1515 2012 1571 2045 X:

242 2058 417 2088 discedere
441 2057 617 2088 Dnebner:
651 2059 844 2089 discordare
874 2057 1053 2098 N1'pperde3v
1207 2067 1226 2096 5
1252 2067 1320 2087 non
1346 2055 1399 2086 X:
1435 2067 1510 2087 nam
1527 2061 1571 2088 λε

242 2111 331 2131 nona
356 2101 406 2131 vel
432 2102 556 2131 nonani
585 2102 663 2133 coni.
686 2102 900 2141 Hoffmann:
934 2111 976 2131 ne
1000 2101 1153 2132 Fleisclzer
1175 2101 1233 2141 qui
1253 2100 1341 2139 infra
1366 2106 1572 2139 occuparent

241 2154 316 2174 cum
341 2144 380 2174 T¹
406 2145 512 2175 scribit
739 2147 760 2175 6
784 2146 1021 2184 depugnarent
1047 2144 1248 2184 Nipperdey:
1283 2149 1513 2183 repugnarent
1538 2142 1576 2173 X

244 2187 365 2218 Denuo
397 2186 453 2217 X:
493 2188 639 2227 denique
671 2188 763 2219 edd.:
803 2189 937 2218 demum
969 2188 1126 2219 Fleisclzer
1273 2188 1292 2217 8
1316 2187 1471 2218 homines
1502 2188 1572 2217 Δδ;

244 2231 375 2260 nomine
392 2233 438 2265 B:
473 2232 598 2261 nomini
624 2232 657 2261 D
793 2241 826 2261 11
854 2232 978 2270 potitur
999 2235 1042 2261 λε
1076 2231 1203 2270 potitus
1227 2229 1264 2259 X
1396 2240 1433 2269 13
1458 2230 1572 2261 multis

244 2274 433 2304 interfectis
451 2274 519 2305 edd.
541 2287 547 2305 ι
573 2275 665 2305 multi
688 2275 852 2305 interfecti
872 2273 909 2303 X
1031 2284 1068 2313 15
1094 2274 1263 2313 Hispalim
1280 2273 1348 2304 edd.
1369 2285 1375 2304 ε
1400 2273 1521 2313 hispali
1537 2272 1576 2302 X

242 2318 477 2349 descendisset
509 2318 540 2347 V
747 2320 784 2349 18
808 2328 965 2357 magnum
992 2316 1046 2348 X:
1086 2328 1205 2357 magna
1239 2328 1357 2348 manus
1388 2317 1572 2347 Ciaccom'us

244 2371 284 2399 23
310 2361 477 2392 hominem
496 2361 672 2392 barbarum
694 2361 860 2401 Glandotp
877 2373 883 2391 z
908 2362 1042 2392 nomine
1061 2361 1233 2392 barbarum
1254 2360 1411 2391 (barbaro
1424 2360 1521 2398 D‘2T)
1538 2358 1576 2388 X

246 2414 284 2442 24
313 2405 483 2435 Reversus
502 2405 566 2435 cod.
589 2404 677 2436 Voss.
696 2417 702 2435 :
726 2415 841 2435 rursus
858 2402 895 2433 X
1010 2405 1042 2435 in
1062 2404 1129 2435 cdd.
1145 2408 1219 2445 post
1236 2403 1433 2443 Ondendwp
1530 2412 1570 2441 25

245 2448 447 2486 praesidium
467 2458 529 2478 0111.
544 2448 577 2478 D
