1705 2729
496 154 568 190 DE
601 153 780 191 BELLO
811 153 987 191 CIVILI
1020 154 1121 190 LIB.
1157 155 1197 190 II

238 263 312 301 His
333 264 447 302 rebus
474 263 590 313 gestis
612 263 732 302 Curio
760 276 800 301 se
825 263 863 300 in
892 270 1015 300 castra
1044 264 1094 300 ad
1124 264 1341 312 Bagradam
1370 263 1505 313 recipit
1525 261 1578 297 26

180 335 297 377 atque
317 327 485 365 universi
512 326 701 365 exercitus
722 326 1034 365 conclamatione
1058 326 1267 377 imperator
1289 328 1506 377 appellatur

179 399 415 441 posteroque
441 391 505 429 die
536 391 694 430 Uticam
721 390 931 429 exercitum
961 390 1069 429 ducit
1096 398 1134 429 et
1163 404 1284 441 prope
1313 391 1505 441 oppidum

179 464 303 495 castra
323 456 442 506 ponit.
504 457 695 494 Nondum
716 469 833 506 opere
854 463 1067 494 castrorum
1088 457 1261 505 perfecto
1282 455 1431 505 equites
1459 469 1505 493 ex
1526 473 1540 493 2

140 531 156 562 5
178 520 344 559 statione
382 520 564 559 nuntiant
602 533 742 570 magna
774 519 916 558 auxilia
948 519 1124 569 equitum
1163 519 1420 569 peditumque
1453 521 1503 558 ab

177 599 265 635 rege
295 585 412 623 missa
441 585 600 624 Uticam
630 584 784 632 venire3
819 586 1041 634 eodemque
1070 592 1247 634 tempore
1276 584 1331 622 vis
1362 598 1502 634 magna

177 650 344 700 pulveris
365 651 596 688 cernebatur
616 657 654 688 et
674 649 837 699 vestigio
857 649 1043 699 temporis
1064 649 1233 699 primum
1260 662 1400 698 agmen
1422 656 1502 687 erat

176 714 215 752 in
255 722 479 764 conspectu.
559 714 743 752 Novitate
785 714 838 752 rei
882 713 1002 752 Curio
1041 721 1241 763 permotus
1289 713 1501 762 praemittit
1520 725 1538 755 3

176 777 325 827 equites
347 778 413 828 qui
443 778 611 828 primum
633 778 823 828 impetum
849 778 1066 816 sustineant
1090 791 1135 816 ac
1160 786 1361 816 morentur
1378 793 1387 825 3
1417 777 1500 827 ipse

119 857 157 879 10
175 842 349 880 celeriter
368 843 419 880 ab
439 856 556 892 opere
573 842 752 881 deductis
774 842 993 892 legionibus
1014 842 1138 881 aciem
1159 842 1322 881 instruit.
1384 842 1501 892 Equi-
1518 853 1538 882 4

175 914 311 956 tesque
337 907 589 945 committunt
619 907 810 957 proelium
836 915 873 946 et
900 907 1005 957 prius
1036 921 1154 957 quam
1184 909 1299 957 plane
1327 907 1499 956 legiones

173 970 354 1020 explicari
375 979 413 1009 et
433 971 645 1009 consistere
672 978 832 1021 possent
852 978 934 1009 tota
954 970 1095 1008 auxilia
1118 970 1215 1020 regis
1245 970 1434 1020 impedita
1454 984 1500 1008 ac

173 1036 406 1085 perturbata,
430 1037 538 1085 quod
559 1037 667 1073 nullo
688 1035 826 1073 ordine
847 1042 884 1073 et
901 1035 984 1073 sine
1005 1034 1143 1072 timore
1164 1034 1234 1073 iter
1254 1036 1435 1082 fecerant,
1460 1035 1499 1072 in

172 1099 303 1148 fugam
324 1099 496 1138 coiciunt
516 1099 771 1149 equitatuque
791 1099 899 1137 omni
920 1100 998 1137 fere
1019 1098 1218 1145 incolumi,
1241 1100 1349 1148 quod
1370 1112 1411 1137 se
1431 1112 1500 1149 per

116 1178 151 1210 15
172 1162 283 1202 litora
303 1164 476 1202 celeriter
502 1164 541 1201 in
563 1164 754 1214 oppidum
781 1163 930 1214 recipit,
951 1177 1137 1214 magnum
1161 1164 1338 1214 peditum
1365 1178 1499 1202 nume-

171 1241 255 1265 rum
276 1228 521 1267 interficiunt.

224 1293 404 1332 Proxima
427 1301 543 1332 nocte
563 1293 811 1332 centuriones
842 1293 963 1332 Marsi
984 1294 1064 1332 duo
1085 1306 1131 1331 ex
1160 1293 1292 1331 castris
1315 1293 1496 1333 Curionis
1517 1307 1565 1346 27

170 1370 259 1395 cum
280 1357 587 1408 manipularibus
608 1359 687 1397 suis
718 1370 808 1396 XXII
838 1359 889 1397 ad
910 1358 1062 1396 Attium
1084 1360 1232 1396 Varum
1260 1358 1491 1408 perfugiunt.

171 1422 227 1459 Hi
251 1422 330 1461 sive
350 1436 439 1461 vere
459 1437 577 1473 quarn
602 1424 819 1462 habuerant
840 1423 1068 1473 opinionem
1096 1424 1146 1462 ad
1168 1437 1257 1461 eum
1284 1426 1491 1474 perferunt,
1517 1440 1530 1461 2

113 1503 150 1524 20
169 1486 248 1525 sive
286 1487 402 1526 etiam
441 1488 599 1527 auribus
632 1488 724 1526 Vari
759 1488 1078 1527 serviunt—nam
1111 1501 1212 1538 quae
1244 1489 1424 1526 volumus
1457 1497 1494 1527 et

168 1551 362 1591 credimus
394 1552 568 1600 libenter,
607 1561 643 1592 et
678 1567 779 1603 quae
812 1553 1002 1592 sentimus
1036 1553 1109 1602 ipsi
1143 1553 1313 1603 reliquos
1352 1554 1494 1593 sentire

167 1620 657 1668 speramus—confirmant
678 1619 838 1669 quidem
860 1626 963 1657 certe
990 1618 1109 1657 totius
1130 1619 1320 1657 exercitus
1339 1619 1493 1659 animos

166 1683 313 1722 alienos
335 1698 419 1723 esse
438 1698 461 1722 a
482 1685 654 1724 Curione
676 1684 923 1734 maximeque
944 1697 1043 1734 opus
1064 1697 1148 1722 esse
1175 1684 1214 1722 in
1236 1693 1492 1734 conspectum

167 1748 378 1787 exercitum
416 1749 547 1787 venire
586 1757 623 1787 et
662 1749 915 1799 colloquendi
958 1750 1050 1787 dare
1089 1750 1324 1787 facultatem.
1403 1751 1492 1798 Qua
1513 1764 1530 1793 3

108 1825 145 1856 25
166 1812 352 1862 opinione
390 1814 584 1851 adductus
623 1815 748 1852 Varus
788 1821 944 1864 postero
983 1813 1047 1852 die
1086 1827 1201 1852 mane
1235 1813 1407 1862 legiones
1446 1828 1491 1853 ex

165 1877 297 1915 castris
337 1878 478 1916 educit.
551 1878 659 1916 Facit
698 1878 803 1917 idern
839 1878 970 1925 Curio,
1006 1886 1125 1928 atque
1164 1891 1242 1916 una
1273 1879 1371 1916 valle
1410 1892 1489 1917 non

164 1953 303 1991 magna
323 1941 524 1980 interiecta
543 1956 631 1980 suas
653 1949 815 1992 uterque
836 1942 968 1992 copias
990 1942 1152 1981 instruit.

216 2007 307 2044 Erat
334 2006 373 2044 in
404 2006 572 2045 exercitu
600 2007 692 2045 Vari
723 2008 806 2045 Sex.
831 2006 1045 2056 Quintilius
1066 2009 1202 2054 Varus,
1226 2020 1344 2057 quem
1372 2008 1489 2047 fuisse
1507 2012 1558 2048 28

161 2070 309 2108 Corfini
337 2084 452 2121 supra
481 2072 791 2110 demonstratum
821 2079 888 2110 est.
950 2071 1029 2110 Hic
1058 2071 1242 2110 dimissus
1271 2086 1293 2110 a
1323 2073 1489 2111 Caesare

103 2147 142 2177 30
161 2133 200 2172 in
225 2134 395 2174 Africam
422 2143 589 2182 venerat,
623 2136 875 2186 legionesque
905 2149 969 2174 eas
1000 2137 1220 2174 traduxerat
1251 2136 1371 2175 Curio
1392 2150 1487 2186 quas

160 2199 421 2249 superioribus
449 2200 692 2250 temporibus
721 2201 897 2240 Corfinio
925 2208 1122 2251 receperat
1146 2202 1299 2247 Caesar,
1324 2202 1424 2239 adeo
1445 2209 1487 2240 ut

214 2301 249 2321 11
276 2302 342 2330 que
354 2296 428 2332 post
445 2292 585 2331 Equites
601 2292 661 2323 del.
684 2291 888 2323 Vascoscmus
1016 2303 1054 2322 12
1079 2293 1241 2331 explicari
1262 2298 1295 2324 et
1311 2295 1334 2327 β
1350 2304 1355 2323 :
1382 2294 1486 2332 expli-

159 2339 250 2365 caret
268 2340 303 2365 ut
320 2334 366 2364 D'
487 2345 525 2376 14
544 2346 581 2366 se
599 2339 672 2366 ante
688 2336 834 2366 coiciunt
851 2334 928 2367 add.
945 2334 999 2365 X:
1026 2336 1083 2367 del.
1101 2336 1268 2376 Elberlz'ng
1387 2346 1427 2374 23
1453 2337 1485 2366 in

158 2383 376 2416 conspectum
394 2383 414 2408 λ
430 2390 436 2408 t
476 2378 508 2407 in
542 2383 726 2418 conspectu
759 2378 797 2408 X
940 2390 980 2417 24
1005 2380 1189 2409 exercitum
1222 2378 1276 2409 X:
1317 2381 1485 2410 exercitus

158 2418 281 2450 Meusel
410 2431 451 2460 30
475 2422 589 2458 Curio,
609 2432 694 2460 quas
710 2421 842 2452 Aldus:
869 2432 951 2461 quas
969 2423 1069 2452 Curio
1088 2425 1108 2457 β
1125 2433 1131 2452 :
1155 2433 1240 2461 quas
1257 2421 1302 2451 D'
