1705 2729
613 138 654 175 C.
691 138 805 174 IVLI
838 138 1106 176 CAESARIS

194 246 233 285 in
262 260 378 295 mare,
405 255 568 299 utraque
596 262 641 287 ex
668 256 775 299 parte
803 258 1053 300 praeruptum
1084 258 1201 300 atque
1230 264 1422 301 asperum,
1450 253 1520 290 sed

194 319 325 350 tamen
356 315 473 362 paulo
504 313 650 352 leniore
681 314 832 363 fastigio
861 316 911 353 ab
941 329 986 353 ea
1016 322 1123 364 parte
1153 329 1252 365 quae
1281 317 1332 354 ad
1361 316 1518 355 Uticam

155 392 168 419 ·³
193 376 322 425 vergit.
374 378 499 415 Abest
520 379 679 416 derecto
702 378 836 417 itinere
853 380 903 417 ab
922 379 1038 418 Utica
1059 381 1176 429 paulo
1196 379 1362 430 amplius
1383 393 1519 430 passus

193 440 307 479 mille.
367 442 445 479 Sed
466 443 541 480 hoc
562 442 698 481 itinere
719 450 776 481 est
797 445 895 490 fons,
918 457 998 493 quo
1026 457 1130 482 mare
1154 444 1328 483 succedit
1352 444 1517 495 longius,

192 506 346 555 lateque
373 505 404 544 is
431 508 540 545 locus
568 514 789 558 restagnat,
823 521 942 558 quem
970 508 1000 547 si
1028 508 1095 558 qui
1115 508 1234 548 vitare
1255 509 1429 556 voluerit,
1453 523 1518 548 sex
1539 526 1555 556 5

191 570 341 609 milium
362 570 525 610 circuitu
546 572 586 610 in
607 572 799 622 oppidum
819 573 1004 622 pervenit.

120 641 170 679 25
246 637 339 674 Hoc
370 638 569 686 explorato
609 639 698 676 loco
730 638 851 677 Curio
885 646 1009 676 castra
1043 638 1135 677 Vari
1174 638 1367 688 conspicit
1406 652 1518 677 muro

189 700 418 750 oppidoque
452 701 663 740 coniuncta
696 704 747 740 ad
785 710 936 752 portam
972 717 1073 753 quae
1111 705 1327 753 appellatur
1364 703 1516 751 bellica,

188 766 405 804 admodum
446 766 596 805 munita
626 774 763 805 natura
801 767 888 814 loci,
922 781 1000 806 una
1030 782 1077 806 ex
1109 776 1217 818 parte
1251 768 1337 818 ipso
1368 768 1517 819 oppido

191 829 319 876 Utica,
341 832 460 869 altera
486 845 509 869 a
528 833 692 878 theatro,
715 833 824 881 quod
845 840 902 870 est
928 840 1018 871 ante
1040 833 1242 883 oppidum,
1266 833 1518 871 substructio·
1541 851 1578 873 10

189 894 304 933 nibus
325 895 407 934 eius
424 895 551 945 operis
573 896 762 943 maximis,
780 896 888 935 aditu
904 898 955 935 ad
971 905 1094 935 castra
1110 897 1258 935 difficili
1279 905 1317 935 et
1336 905 1513 948 angusto.

115 1005 119 1009 ἱ
152 975 166 995 2
188 958 311 997 Simul
331 959 605 998 animadvertit
625 962 747 999 multa
767 961 943 1011 undique
963 961 1105 1011 portari
1125 970 1243 1012 atque
1262 961 1323 1012 agi
1343 962 1517 1012 plenissi-

188 1023 260 1062 mis
284 1024 365 1071 viis,
389 1038 490 1074 quae
514 1025 707 1076 repentini
731 1027 921 1065 tumultus
948 1027 1087 1066 timore
1108 1041 1154 1066 ex
1182 1026 1281 1077 agris
1310 1027 1349 1065 in
1376 1028 1515 1066 urbem

150 1103 167 1133 3
187 1091 446 1129 conferantur.
521 1092 614 1130 Huc
657 1091 874 1142 equitatum
918 1092 1045 1139 mittit,
1086 1100 1127 1131 ut
1172 1084 1354 1143 diriperet
1396 1099 1514 1143 atque

186 1156 347 1194 haberet
368 1157 456 1195 loco
477 1158 645 1206 praedae
659 1172 669 1205 3
690 1159 912 1208 eodemque
928 1165 1104 1208 tempore
1120 1158 1180 1197 his
1200 1159 1315 1197 rebus
1336 1158 1513 1197 subsidio
1536 1173 1573 1204 15

186 1231 239 1257 Dc
266 1220 417 1269 equites
448 1221 647 1260 Numidae
671 1235 716 1260 ex
746 1222 895 1272 oppido
924 1223 1155 1273 peditesque
1179 1234 1278 1261 cccc
1308 1223 1514 1261 mittuntur

186 1296 208 1321 a
246 1285 362 1330 Varo,
403 1298 503 1334 quos
541 1285 657 1324 auxili
692 1299 809 1325 causa
841 1301 905 1326 rex
946 1288 1046 1325 Iuba
1083 1287 1217 1338 paucis
1251 1287 1391 1326 diebus
1422 1295 1513 1326 ante

147 1364 166 1392 4
188 1349 346 1388 Uticam
368 1350 534 1389 miserat.
578 1351 685 1389 Huic
701 1360 738 1390 et
759 1359 963 1402 paternum
985 1352 1198 1403 hospitium
1215 1366 1304 1391 cum
1322 1352 1513 1403 Pompeio

186 1423 223 1453 et
244 1414 419 1454 simultas
446 1428 536 1454 curn
559 1416 731 1455 Curione
755 1416 1033 1464 intercedebat,
1056 1418 1164 1467 quod
1185 1417 1362 1455 tribunus
1386 1416 1513 1467 plebis

185 1482 310 1530 legem
338 1482 660 1530 promulgaverat,
683 1494 761 1531 qua
787 1483 871 1531 lege
898 1495 1059 1532 regnum
1091 1483 1214 1520 Iubae
1234 1482 1509 1532 publicaverat.
1534 1496 1574 1518 20

147 1561 162 1591 5
186 1546 435 1583 Concurrunt
460 1545 610 1595 equites
637 1545 736 1584 inter
759 1559 826 1593 se;
860 1559 989 1596 neque
1008 1560 1100 1584 vero
1127 1546 1294 1596 primum
1322 1546 1511 1597 impetum

185 1617 406 1648 nostrorum
433 1609 631 1649 Numidae
655 1612 751 1649 ferre
778 1618 1000 1661 potuerunt,
1029 1612 1099 1650 sed
1125 1611 1335 1650 interfectis
1363 1612 1513 1650 circiter

146 1680 164 1712 6
184 1686 269 1713 cxx
295 1674 433 1725 reliqui
460 1689 501 1713 se
531 1675 570 1713 in
598 1683 722 1714 castra
750 1677 800 1714 ad
827 1676 1018 1727 oppidum
1048 1684 1287 1726 receperunt.
1349 1677 1511 1715 Interim

183 1740 355 1778 adventu
403 1741 607 1790 longarum
654 1740 812 1779 navium
859 1741 980 1780 Curio
1028 1741 1278 1791 pronuntiare
1326 1741 1510 1780 onerariis

184 1803 348 1842 navibus
378 1804 496 1851 iubet,
520 1818 621 1854 quae
651 1806 806 1844 stabant
833 1806 883 1844 ad
906 1805 1065 1845 Uticam
1093 1819 1257 1844 numero
1278 1805 1428 1844 circiter
1448 1817 1507 1852 CC,
1532 1819 1570 1850 25

184 1881 225 1906 se
245 1868 284 1905 in
306 1869 477 1907 hostium
498 1869 723 1908 habiturum
750 1871 839 1909 loco
860 1870 926 1920 qui
953 1883 1034 1908 non
1055 1884 1101 1909 ex
1120 1869 1282 1921 vestigio
1301 1871 1353 1908 ad
1374 1871 1510 1909 Castra

148 1940 163 1974 7
186 1932 368 1970 Cornelia
392 1932 499 1971 navis
529 1934 771 1972 traduxisset.
832 1935 922 1983 Qua
948 1934 1266 1984 pronuntiatione
1292 1935 1394 1972 facta
1417 1941 1512 1972 tem-

184 1996 287 2046 poris
317 2005 465 2046 puncto
495 1997 656 2036 sublatis
685 1997 838 2036 ancoris
868 2011 1005 2036 omnes
1036 1998 1195 2037 Uticam
1224 1997 1449 2047 relinquunt
1473 2005 1510 2036 et

183 2073 263 2109 quo
294 2060 527 2111 imperatum
562 2069 620 2100 est
651 2069 862 2101 transeunt.
937 2064 1051 2111 Quae
1085 2076 1144 2101 res
1174 2062 1351 2101 omnium
1382 2075 1509 2100 rerum

184 2124 297 2176 copia
317 2126 528 2176 complevit
548 2126 769 2166 exercitum.
1531 2141 1571 2171 30

228 2234 246 2253 2
272 2224 396 2255 leviore
420 2224 455 2254 T‘
587 2235 606 2263 3
630 2224 735 2255 Abest
754 2249 759 2255 .
781 2250 786 2256 .
807 2250 813 2255 .
832 2224 921 2255 mille
938 2235 1002 2255 om.
1021 2223 1067 2254 D'
1203 2235 1222 2263 4
1246 2235 1313 2264 quo
1332 2224 1394 2256 L‘2:
1420 2225 1509 2264 quod

185 2270 247 2298 cett.
405 2277 425 2307 5
449 2267 591 2299 voluerit
609 2267 671 2298 D‘:
696 2268 873 2298 voluerunt
889 2270 912 2302 β
1045 2269 1066 2298 6
1089 2268 1292 2308 perveniunt
1313 2267 1351 2297 L‘
1470 2278 1510 2299 10

185 2311 488 2341 substructionibus
515 2322 548 2341 r:
600 2311 901 2342 substractionibus
928 2310 1058 2342 DU'V:
1109 2311 1393 2342 subtractionibus
1423 2311 1506 2342 EL:

185 2354 466 2385 substrationibus
485 2354 515 2384 T
600 2364 637 2393 14
663 2355 899 2395 conserantur]
918 2355 1176 2385 conferebantur
1190 2365 1208 2384 r
1293 2364 1334 2393 24
1358 2364 1507 2394 pronun-

187 2398 259 2428 tiari
278 2408 296 2427 r
381 2408 419 2437 27
446 2398 650 2428 Corneliana
664 2402 775 2429 vestra
789 2398 941 2429 duxisset
953 2397 997 2428 D'
1012 2411 1019 2429 :
1044 2398 1248 2429 Corneliana
1265 2398 1337 2429 vela
1355 2398 1508 2429 duxisset

187 2441 213 2471 L
230 2452 235 2470 :
262 2441 463 2472 Corneliana
481 2442 683 2472 traduxisset
708 2442 743 2472 T‘
