1705 2729
353 158 426 194 DE
458 158 637 195 BELLO
671 158 1030 195 HISPANIENSI
1064 158 1233 194 LIBER

131 264 330 311 scientem,
355 267 397 302 L.
420 265 581 303 Vibium
605 265 845 303 Paciaecum.
908 265 986 313 Qui
1007 279 1095 303 cum
1118 267 1168 304 ad
1191 267 1262 304 Cn.
1289 265 1452 315 Pompei
1472 275 1488 305 5

130 328 323 378 praesidia
360 328 540 375 venisset,
581 329 717 367 incidit
765 329 870 367 idem
914 329 1099 378 temporis
1139 338 1181 367 ut
1219 337 1451 378 tempestate

129 393 292 430 adversa
330 393 632 443 vehementique
666 401 784 432 vento
822 393 1111 441 adflictaretur,-
1153 393 1361 442 aditusque
1395 393 1451 430 vis

131 456 371 507 tempestatis
392 456 445 495 ita
469 458 704 496 obscurabat
728 465 770 495 ut
796 457 858 495 vix
882 457 1102 507 proximum
1127 470 1337 507 agnoscere
1367 470 1452 506 pos-

93 536 109 567 5
131 528 226 559 sent.
287 521 410 561 Cuius
435 521 734 560 incommodum
763 535 957 560 summam
988 521 1193 560 utilitatem
1224 521 1316 570 ipsis
1347 535 1452 571 prae·
1472 528 1491 559 6

130 586 258 624 bebat.
334 587 394 623 Ita
431 599 522 624 cum
560 587 611 625 ad
650 600 740 624 eum
779 587 911 624 locum
950 594 1150 632 venerunt,
1191 585 1299 623 iubet
1338 585 1452 623 binos

130 649 280 700 equites
301 651 578 697 conscendere,
596 657 634 689 et
655 657 759 689 recta
779 663 846 700 per
866 650 1173 688 adversariorum
1190 649 1382 700 praesidia
1402 651 1452 688 ad

129 713 319 764 oppidum
359 716 615 753 contendunt.
689 714 913 764 Mediisque
947 728 1082 752 eorum
1121 714 1323 764 praesidiis
1362 728 1489 760 cumJ

130 786 269 825 essent,
293 792 384 817 curn
411 786 660 829 quaereretur
683 778 750 829 qui
780 786 919 825 essent,
943 792 1043 816 unus
1065 792 1111 817 ex
1132 779 1272 817 nostris
1297 793 1453 828 respon-

74 857 110 878 10
129 843 196 890 dit,
231 851 274 881 ut
307 843 417 881 sileat
448 844 609 881 verbum
642 845 790 881 facere:
822 857 912 881 nam
947 842 987 882 id
1019 843 1205 893 temporis
1239 843 1371 881 conari
1402 844 1453 882 ad

130 921 284 946 murum
304 909 502 954 accedere,
519 916 561 945 ut
582 908 772 958 oppidum
793 907 949 957 capiant
965 922 974 955 5
1003 915 1041 946 et
1061 907 1200 957 partim
1222 915 1453 958 tempestate

128 971 306 1021 impediti
333 971 465 1021 vigiles
496 985 575 1010 non
606 979 784 1021 poterant
814 971 1056 1021 diligentiam
1086 979 1289 1021 praestare,
1313 971 1451 1021 partim

128 1035 195 1074 illo
233 1049 421 1085 responso
459 1036 764 1074 deterrebantur.
826 1037 927 1074 Cum
966 1037 1016 1074 ad
1056 1043 1207 1085 portam
1246 1035 1490 1085 appropin-S

129 1108 325 1149 quassent,
349 1100 460 1149 signo
490 1101 583 1138 dato
612 1100 662 1138 ab
693 1099 900 1149 oppidanis
930 1107 1020 1137 sunt
1050 1099 1207 1149 recepti,
1236 1107 1274 1137 et
1300 1100 1452 1149 pedites

73 1178 108 1210 15
130 1163 307 1213 dispositi
328 1164 467 1214 partim
495 1164 548 1202 ibi
573 1171 851 1210 remanserunt,
875 1164 1025 1213 equites
1051 1165 1221 1202 clamore
1248 1165 1350 1202 facto
1372 1178 1452 1202 eru-

128 1228 304 1278 ptionem
325 1228 364 1266 in
384 1228 691 1267 adversariorum
713 1236 836 1266 castra
857 1230 1041 1267 fecerunt.
1101 1228 1164 1266 Sic
1185 1228 1224 1266 in
1245 1228 1311 1267 illo
1335 1230 1448 1275 facto,
1471 1237 1490 1268 9

128 1306 218 1330 curn
235 1291 489 1331 inscientibus
519 1292 735 1339 accidisset,
760 1292 1033 1330 existimabant
1053 1305 1174 1342 prope
1197 1306 1336 1342 magna
1365 1306 1451 1343 pars

128 1356 334 1395 hominum
356 1356 422 1406 qui
443 1356 482 1393 in
504 1356 562 1394 his
590 1356 723 1394 castris
744 1356 907 1394 fuissent
928 1370 968 1394 se
990 1370 1111 1406 prope
1132 1364 1268 1406 captos
1290 1370 1384 1395 esse.

186 1423 279 1459 Hoc
306 1421 424 1459 misso
450 1422 501 1459 ad
533 1421 665 1460 Uliam
690 1421 884 1471 praesidio
906 1422 1060 1467 Caesar,
1083 1429 1125 1458 ut
1147 1421 1381 1471 Pompeium
1401 1422 1452 1459 ab
1470 1430 1497 1467 4

73 1500 112 1522 20
131 1500 176 1524 ea
214 1486 508 1536 oppugnatione
541 1487 764 1533 deduceret,
800 1487 849 1524 ad
886 1486 1113 1525 Cordubam
1154 1486 1369 1533 contendit,
1407 1500 1453 1524 ex

130 1564 210 1600 quo
241 1550 377 1589 itinere
411 1550 592 1589 loricatos
627 1550 727 1589 viros
759 1551 867 1589 fortis
898 1564 987 1589 cum
1019 1550 1195 1600 equitatu
1227 1558 1317 1589 ante
1348 1564 1454 1600 prae-

128 1614 242 1653 misit.
303 1614 382 1664 Qui
410 1615 524 1653 simul
550 1615 589 1652 in
620 1623 875 1665 conspectum
905 1615 1041 1665 oppidi
1066 1628 1107 1653 se
1134 1615 1338 1662 dederunt,
1361 1628 1453 1653 cum
1475 1625 1489 1646 2

128 1679 238 1730 equis
267 1679 515 1730 recipiuntur.
577 1682 669 1718 Hoc
698 1694 720 1718 a
750 1679 1075 1719 Cordubensibus
1107 1693 1357 1729 nequaquam
1387 1693 1453 1729 po-

129 1752 226 1783 terat
272 1744 538 1783 animadverti.
616 1745 1037 1795 Appropinquantibus
1080 1758 1126 1783 ex
1164 1744 1312 1795 oppido
1351 1744 1453 1782 bene

71 1822 108 1854 25
129 1823 270 1859 magna
290 1809 501 1848 multitudo
526 1810 577 1847 ad
604 1809 820 1859 equitatum
848 1809 1139 1848 concidendum
1161 1822 1250 1847 curn
1272 1808 1450 1855 exissent,

128 1873 289 1921 loricati,
322 1882 363 1912 ut
392 1887 508 1924 supra
537 1873 772 1924 scripsimus,
796 1888 841 1912 ex
871 1874 981 1924 equis
1009 1875 1298 1913 descenderunt
1318 1881 1355 1911 et
1377 1886 1454 1910 ma-

127 1953 248 1989 gnum
265 1939 455 1989 proelium
471 1940 657 1986 fecerunt,
677 1939 732 1977 sic
752 1939 808 1977 uti
829 1953 875 1977 ex
896 1938 1048 1977 infinita
1063 1938 1269 1977 hominurn
1284 1937 1454 1975 multitu-

128 2003 220 2042 dine
240 2004 355 2053 pauci
376 2003 415 2041 in
436 2004 627 2054 oppidum
648 2017 689 2042 se
709 2003 935 2053 reciperent.
988 2006 1079 2042 Hoc
1100 2002 1238 2041 timore
1257 2003 1453 2041 adductus
1474 2011 1492 2041 3

175 2117 188 2137 1
215 2107 348 2138 Vibium
365 2107 640 2138 Forclzlmnmzer:
664 2108 786 2138 vivium
803 2107 889 2138 codd.
1025 2117 1043 2136 2
1069 2107 1158 2137 idem
1174 2108 1196 2140 β
1211 2117 1217 2135 :
1244 2105 1277 2136 id
1293 2105 1329 2136 D
1433 2114 1454 2144 3

128 2151 307 2190 aditusque
325 2151 407 2181 A²61
445 2151 589 2190 litusque
607 2151 662 2181 D:
695 2161 795 2190 quem
823 2151 923 2181 U'T':
958 2161 1044 2189 quae
1066 2148 1137 2180 LA1
1271 2160 1290 2188 4
1314 2153 1454 2189 possent

128 2194 321 2234 Nipperdey:
349 2198 464 2233 posset
480 2193 518 2224 X
664 2205 684 2233 9
709 2204 784 2224 cum
801 2198 1022 2232 quaereretur
1037 2193 1092 2232 qui
1112 2196 1228 2223 essent
1245 2194 1310 2224 Δδ;
1336 2203 1401 2223 om.
1420 2190 1459 2220 X

133 2247 169 2274 14
181 2240 256 2276 post
268 2238 401 2276 pedites
412 2238 485 2268 hab.
503 2238 635 2276 equites
654 2237 796 2268 clamore
814 2237 902 2267 facto
919 2236 962 2267 X.
980 2236 1038 2266 del.
1058 2236 1236 2276 Nipperdey
1328 2245 1365 2274 15
1390 2235 1452 2265 dis-

129 2280 229 2318 positi
247 2280 443 2321 Nipperdey:
477 2281 649 2319 dispositis
672 2279 711 2309 X
841 2281 879 2309 16
903 2284 1012 2310 castra
1037 2280 1073 2308 5:
1107 2279 1227 2310 castris
1246 2277 1284 2308 X
1416 2287 1452 2316 17

129 2323 309 2354 accidisset
334 2325 369 2353 δι
404 2324 567 2354 accidisse
594 2322 631 2352 X
826 2323 1063 2353 existimabant
1088 2321 1137 2352 L:
1172 2322 1366 2353 existimant
1387 2324 1452 2351 cett.

130 2366 309 2439 Ξῖῗρῗίέζτ
335 2367 437 2406 probe
454 2367 603 2397 Eussner
733 2377 775 2396 20
799 2376 841 2396 ex
859 2376 925 2405 quo
942 2365 995 2395 D:
1030 2375 1139 2404 exque
1159 2367 1182 2399 β
1316 2376 1357 2395 22
1380 2373 1455 2395 cum

153 2420 187 2439 e.
207 2421 222 2439 c
268 2432 274 2439 .
