1705 2729
237 138 280 175 C.
317 139 431 175 IVLI
465 138 735 177 CAESARIS
780 140 852 176 DE
886 140 1066 177 BELLO
1098 141 1274 179 CIVILI
1307 143 1408 180 LIB.
1444 144 1483 180 II

198 248 408 288 Pollicetur
444 249 713 299 magistrisque
748 249 911 299 imperat
947 251 1104 288 navium
1135 260 1175 290 ut
1211 252 1336 301 primo
1365 265 1524 302 vespere

160 333 174 353 2
196 314 324 352 omnis
355 315 519 363 scaphas
543 316 593 352 ad
620 313 709 352 litus
739 316 922 364 appulsas
951 316 1132 354 habeant.
1193 318 1271 356 Sed
1297 325 1427 356 tantus
1455 318 1525 356 fuit

195 379 373 417 omnium
406 387 526 417 terror
558 387 600 417 ut
633 379 697 417 alii
736 381 875 418 adesse
908 381 1041 430 copias
1083 382 1206 420 Iubae
1239 382 1424 429 dicerent,
1460 383 1523 421 alii

193 457 283 481 cum
309 443 528 493 legionibus
555 443 698 482 instare
724 446 873 482 Varum
898 444 1056 494 iamque
1082 459 1123 483 se
1150 448 1348 495 pulverem
1370 447 1525 486 venien-

192 508 289 546 tium
322 522 489 555 cernere,
525 521 688 558 quarum
723 522 851 547 rerum
892 509 988 547 nibil
1023 511 1188 549 omnino
1218 511 1424 558 acciderat,
1459 512 1522 550 alii
1544 522 1560 553 5

155 588 172 618 3
192 575 356 612 classem
374 574 545 612 hostium
560 574 734 612 celeriter
746 576 1015 613 advolaturam
1033 575 1331 625 suspicarentur.
1384 579 1523 626 Itaque

191 638 399 688 perterritis
421 638 606 677 omnibus
627 638 701 677 sibi
723 639 890 690 quisque
914 641 1156 678 consulebat.
1229 641 1308 689 Qui
1335 641 1375 679 in
1400 643 1523 680 classe

191 711 300 742 erant
334 703 527 753 proficisci
548 704 820 753 properabant.
893 706 1050 743 Horum
1082 706 1173 754 fuga
1202 705 1360 743 navium
1391 718 1523 744 onera-

191 768 334 806 riarum
373 767 576 817 magistros
615 768 825 806 incitabat:
877 768 991 818 pauci
1030 769 1229 807 lenunculi
1260 771 1311 808 ad
1349 769 1521 808 officium

154 833 480 884 4imperiumque
522 834 820 872 conveniebant.
908 836 985 873 Sed
1033 842 1141 873 tanta
1187 843 1268 874 erat
1315 835 1521 885 completis
1544 848 1582 870 10

191 899 369 937 litoribus
417 899 630 946 contentio,
680 900 747 949 qui
785 899 1034 950 potissimum
1075 914 1122 939 ex
1166 914 1309 950 magno
1356 915 1521 940 numero

189 965 512 1011 conscenderent,
563 971 605 1001 ut
657 964 909 1002 multitudine
956 972 1075 1014 atque
1129 978 1247 1003 onere
1295 978 1375 1003 non
1423 965 1519 1003 nulli

187 1029 508 1078 deprimerentur,
530 1028 668 1078 reliqui
689 1030 765 1067 hoc
786 1028 925 1067 timore
946 1029 1105 1079 propius
1132 1029 1240 1068 adire
1264 1031 1516 1068 tardarentur.

114 1106 167 1143 44
243 1093 399 1142 Quibus
423 1094 539 1131 rebus
565 1093 709 1132 accidit
730 1101 771 1131 ut
792 1093 906 1143 pauci
934 1093 1076 1132 milites
1103 1102 1311 1144 patresque
1336 1094 1517 1142 familiae,

187 1158 254 1208 qui
288 1166 355 1196 aut
385 1158 505 1208 gratia
538 1166 605 1196 aut
640 1158 906 1197 misericordia
936 1160 1109 1197 valerent
1139 1166 1206 1197 aut
1235 1158 1343 1197 navis
1372 1161 1519 1198 adnare
1542 1172 1577 1203 15

186 1231 357 1274 possent,
391 1223 537 1273 recepti
571 1223 611 1261 in
643 1223 813 1262 Siciliam
849 1223 1067 1262 incolumes
1097 1224 1353 1273 pervenirent.
1415 1225 1518 1263 Reli-

185 1302 285 1338 quae
324 1288 461 1338 copiae
501 1288 628 1327 missis
666 1290 718 1327 ad
751 1291 898 1327 Varum
936 1296 1055 1327 noctu
1096 1291 1312 1339 legatorum
1351 1303 1516 1329 numero

147 1373 162 1394 2
184 1354 479 1393 centurionibus
496 1368 580 1393 sese
596 1355 630 1393 ei
651 1355 898 1394 dediderunt.
959 1357 1139 1404 Quorum
1156 1355 1327 1394 cohortis
1348 1355 1515 1394 militum

183 1427 340 1468 postero
374 1419 438 1458 die
476 1427 567 1458 ante
606 1420 797 1471 oppidum
840 1420 939 1458 Iuba
977 1420 1239 1470 conspicatus,
1280 1433 1391 1458 suam
1430 1434 1515 1460 esse

182 1484 412 1533 praedicans
433 1485 631 1534 praedam,
654 1498 837 1534 magnam
864 1492 1013 1534 partem
1042 1498 1176 1523 eorum
1205 1484 1370 1523 interfici
1391 1484 1512 1532 iussit,
1535 1497 1574 1519 20

181 1562 328 1599 paucos
360 1551 506 1587 electos
538 1550 577 1587 in
608 1563 770 1599 regnum
800 1550 958 1594 remisit,
981 1563 1071 1588 curn
1096 1552 1223 1588 Varus
1253 1563 1363 1588 suam
1393 1551 1513 1589 fidem

141 1631 159 1660 3
179 1614 231 1651 ab
251 1627 298 1652 eo
319 1614 421 1653 laedi
449 1622 673 1664 quereretur
696 1627 826 1665 neque
856 1615 1032 1654 resistere
1058 1616 1229 1653 auderet.
1291 1616 1382 1664 Ipse
1409 1628 1513 1665 equo

180 1678 219 1716 in
240 1679 432 1729 oppidum
453 1687 588 1718 vectus
608 1679 938 1730 prosequentibus
964 1680 1232 1730 compluribus
1253 1679 1510 1727 senatoribus,

179 1757 259 1793 quo
280 1743 319 1781 in
346 1757 512 1782 numero
536 1751 617 1782 erat
647 1746 724 1782 Ser.
750 1744 945 1795 Sulpicius
970 1752 1007 1782 et
1035 1744 1209 1782 Licinius
1232 1743 1509 1794 Damasippus,

179 1808 313 1857 paucis
345 1806 518 1860 [diebus]
549 1822 651 1858 quae
690 1809 771 1847 fieri
812 1810 928 1847 vellet
961 1808 1103 1848 Uticae
1151 1808 1354 1847 constituit
1392 1815 1511 1858 atque
1532 1822 1568 1853 25

178 1872 380 1922 imperavit
397 1888 406 1919 3
453 1873 673 1923 diebusque
725 1881 813 1923 post
862 1872 997 1923 paucis
1043 1887 1083 1911 se
1128 1873 1167 1910 in
1215 1886 1377 1923 regnum
1418 1885 1508 1910 cum

178 1936 363 1975 omnibus
392 1937 515 1987 copiis
545 1938 690 1987 recepit

225 2049 263 2077 13
288 2040 350 2069 hoc
368 2040 486 2069 timore
503 2039 580 2069 D'L
589 2039 644 2069 T‘:
669 2040 711 2070 ob
729 2040 881 2070 timorem
901 2039 1036 2079 (timore
1053 2040 1093 2078 F)
1117 2039 1156 2069 U'
1245 2048 1286 2078 25
1311 2039 1430 2069 diebus
1446 2039 1505 2071 del.

177 2081 373 2123 Nipperdey:
408 2083 521 2122 paucis
546 2083 665 2112 diebus
691 2082 865 2120 del.J11r1'n
1084 2083 1127 2113 26
1151 2092 1242 2122 —queq
1262 2093 1302 2122 q;
1329 2082 1376 2112 L²
1395 2094 1401 2113 ε
1418 2093 1504 2121 quae

178 2124 219 2154 L'
240 2125 290 2156 U:
314 2136 399 2164 eque
418 2125 466 2156 F:
491 2136 620 2165 aequae
636 2125 745 2156 D‘T‘:
772 2136 880 2165 aeque
901 2126 931 2155 V
