1705 2729
515 126 587 160 DE
619 124 798 161 BELLO
830 124 1006 161 CIVILI
1039 125 1139 161 LIB.
1175 126 1192 161 I

191 244 267 280 que
282 231 412 281 peritis
429 232 752 280 gubernatoribus
769 233 987 278 utebantur,
1008 233 1073 281 qui
1091 242 1249 282 repente
1266 246 1311 271 ex
1327 234 1510 271 onerariis

190 295 352 332 navibus
388 304 495 333 erant
525 295 704 345 producti
734 309 862 345 neque
893 297 986 334 dum
1018 296 1133 334 etiam
1161 297 1361 334 vocabulis
1391 311 1510 335 arma-

191 366 410 396 mentorum
432 359 605 408 cognitis,
630 367 712 397 tum
734 359 850 397 etiam
876 359 1054 398 tarditate
1082 368 1119 398 et
1145 360 1329 409 gravitate
1353 361 1511 399 navium

190 422 504 471 impediebantur
518 438 528 471 3
556 425 681 461 factae
710 423 815 462 enirn
845 424 974 462 subito
1005 438 1051 462 ex
1080 424 1213 462 umida
1243 425 1402 463 materia
1431 438 1511 462 non

152 488 359 535 5eundem
398 501 511 525 usum
551 487 755 526 celeritatis
789 488 1015 526 habuerant.
1077 490 1226 538 Itaque,
1269 490 1363 527 dum
1402 491 1549 528 locus4

189 550 409 589 comminus
443 551 644 602 pugnandi
677 553 842 599 daretur,
879 566 1006 602 aequo
1040 552 1172 591 animo
1207 553 1376 602 singulas
1411 554 1512 591 binis

189 615 352 653 navibus
392 615 615 654 obiciebant
654 624 771 665 atque
805 616 946 654 iniecta
981 630 1099 655 manu
1134 619 1255 655 ferrea
1293 625 1331 655 et
1365 625 1512 655 retenta

189 687 351 729 utraque
385 693 482 718 nave
516 680 655 718 diversi
694 681 921 730 pugnabant
959 688 1077 730 atque
1115 680 1153 717 in
1194 681 1365 718 hostium
1404 681 1512 718 navis

189 745 517 782 transcendebant
548 753 585 783 et
615 758 757 794 magno
787 758 951 783 numero
983 744 1212 783 Albicorum
1246 753 1282 783 et
1312 754 1511 794 pastorum

132 824 170 846 10
189 807 391 846 interfecto
421 816 570 858 partem
602 808 759 846 navium
789 808 1024 858 deprimunt,
1058 822 1138 846 non
1169 811 1293 847 nullas
1324 823 1414 848 cum
1445 812 1512 848 ho-

189 872 359 910 minibus
391 872 560 922 capiunt,
594 873 759 922 reliquas
790 872 829 910 in
858 881 1013 923 portum
1045 875 1297 923 compellunt.
1360 877 1418 911 Eo
1449 875 1512 912 die
1532 883 1548 912 5

189 950 306 974 naves
344 937 648 975 Massiliensium
683 951 772 975 cum
803 937 857 975 eis
893 951 993 987 quae
1023 945 1112 975 sunt
1147 945 1284 987 captae
1318 938 1511 977 intereunt

189 1013 290 1038 vnn.

244 1067 335 1103 Hoc
356 1065 545 1115 proelium
577 1066 733 1104 Caesari
757 1067 808 1104 ad
837 1067 1005 1104 Ilerdam
1034 1066 1258 1113 nuntiatur3
1289 1067 1403 1104 simul
1431 1081 1511 1116 per·
1530 1074 1583 1112 59

133 1145 169 1175 15
189 1130 291 1166 fecto
311 1137 432 1178 ponte
452 1129 626 1167 celeriter
649 1131 803 1167 fortuna
831 1137 1009 1167 mutatur.
1072 1130 1131 1167 Illi
1160 1130 1347 1179 perterriti
1372 1131 1510 1169 virtute
1534 1148 1547 1167 2

189 1193 364 1243 equitum
399 1193 527 1231 minus
561 1193 690 1240 libere,
729 1193 857 1232 minus
888 1195 1073 1232 audacter
1104 1195 1367 1243 vagabantur,
1416 1196 1510 1233 alias

188 1271 267 1295 non
297 1259 414 1307 longo
443 1271 465 1295 a
494 1257 626 1296 castris
657 1258 845 1308 progressi
876 1258 1012 1308 spatio,
1044 1266 1086 1296 ut
1115 1261 1280 1297 celerem
1311 1269 1510 1310 receptum

188 1322 386 1368 haberent,
427 1322 627 1371 angustius
665 1323 963 1371 pabulabantur,
1003 1322 1097 1360 alias
1136 1323 1310 1373 longiore
1349 1323 1509 1361 circuitu

188 1386 384 1424 custodias
406 1386 671 1435 stationesque
692 1386 866 1435 equitum
892 1386 1077 1433 vitabant,
1099 1395 1166 1425 aut
1192 1387 1324 1436 aliquo
1347 1396 1510 1437 accepto

133 1464 169 1485 20
188 1450 422 1488 detrimento
450 1458 517 1488 aut
547 1452 681 1499 procul
711 1450 885 1500 equitatu
914 1451 996 1488 viso
1027 1465 1072 1489 ex
1102 1452 1233 1489 medio
1264 1452 1399 1490 itinere
1428 1466 1509 1502 pro-

189 1514 296 1553 iectis
320 1514 478 1552 sarcinis
505 1514 756 1564 refugiebant.
818 1516 1021 1553 Postremo
1048 1523 1085 1553 et
1113 1516 1230 1564 pluris
1258 1516 1510 1554 intermittere
1533 1531 1549 1559 3

188 1579 270 1617 dies
302 1586 339 1616 et
374 1586 523 1628 praeter
552 1578 879 1617 consuetudinem
909 1579 1085 1617 omnium
1116 1588 1235 1617 noctu
1267 1579 1510 1625 instituerant

188 1643 371 1692 pabulari.

242 1707 402 1745 Interim
425 1708 619 1745 Oscenses
646 1715 684 1745 et
705 1707 997 1756 Calagurritani,
1026 1708 1091 1757 qui
1117 1716 1225 1746 erant
1252 1721 1341 1746 cum
1363 1709 1509 1746 Oscen-
1527 1713 1584 1749 60

131 1782 168 1815 25
188 1771 294 1810 sibus
321 1771 542 1818 contributi,
567 1771 726 1809 mittunt
754 1773 804 1810 ad
834 1785 923 1810 eum
953 1773 1099 1820 legatos
1129 1785 1293 1821 seseque
1322 1772 1510 1821 imperata

188 1838 354 1875 facturos
394 1836 635 1886 pollicentur.
710 1838 798 1874 Hos
837 1838 1149 1874 Tarraconenses
1188 1844 1225 1874 et
1262 1836 1434 1874 Iacetani
1473 1844 1510 1874 et
1533 1847 1547 1868 2

188 1901 375 1940 Ausetani
398 1910 435 1939 et
456 1901 589 1951 paucis
617 1908 704 1951 post
731 1900 870 1939 diebus
900 1902 1246 1949 Illurgavonenses
1271 1900 1337 1949 qui
1364 1902 1511 1939 flumen

190 1966 383 2004 Hiberum
410 1966 616 2016 attingunt,
639 1966 906 2015 insequuntur.
969 1965 1069 2003 Petit
1095 1966 1145 2003 ab
1172 1965 1231 2003 bis
1259 1965 1442 2003 omnibus
1469 1972 1511 2002 ut
1533 1971 1550 2000 ὃ

188 2043 229 2068 se
261 2032 456 2068 frumento
490 2030 632 2068 iuvent.
705 2030 942 2068 Pollicentur
971 2038 1089 2078 atque
1120 2029 1305 2067 omnibus
1336 2028 1511 2077 undique

230 2122 252 2152 6
276 2122 462 2152 comminus
488 2121 618 2152 Aldus:
653 2120 772 2152 comin’
799 2120 845 2152 E:
871 2121 1057 2151 communis
1081 2120 1139 2154 DB
1290 2130 1328 2150 12
1353 2130 1426 2150 cum
1460 2121 1512 2150 his

191 2164 234 2203 (is
250 2164 293 2199 L)
310 2175 397 2204 quae
414 2169 493 2195 sunt
510 2169 630 2204 captae
647 2163 701 2193 X:
737 2164 941 2202 Domitiique
958 2169 1038 2194 sunt
1058 2168 1175 2203 captae
1196 2173 1230 2193 vl
1251 2162 1342 2193 Paul
1474 2173 1510 2201 14

190 2207 352 2247 proelium
372 2207 576 2238 Ciaccom’us:
610 2207 753 2246 primum
771 2209 813 2240 B:
847 2207 988 2246 primum
1007 2217 1082 2236 cum
1099 2206 1144 2236 D'
1288 2207 1326 2236 16
1350 2205 1432 2236 alias
1451 2230 1457 2236 .
1477 2231 1482 2236 .
1503 2231 1508 2236 .

191 2250 272 2281 alias
285 2252 327 2284 B:
346 2250 400 2281 alii
415 2275 422 2282 .
439 2275 446 2282 .
459 2275 465 2282 .
479 2251 534 2282 alii
551 2250 596 2280 D‘
673 2251 712 2280 18
725 2249 967 2289 pabulabantur
982 2254 1010 2279 Δ
1028 2260 1034 2279 :
1059 2249 1258 2288 pabulantur
1273 2248 1311 2278 X
1400 2260 1438 2288 19
1455 2254 1511 2279 aut

190 2295 235 2327 B:
263 2298 298 2323 ut
321 2293 387 2323 D':
420 2297 454 2324 at
477 2293 568 2323 Paul
727 2303 769 2322 22
792 2293 1010 2323 instituerant
1033 2292 1172 2323 Meusel:
1208 2293 1454 2322 constituerant
1479 2291 1515 2320 Χ

192 2346 232 2373 24
257 2336 347 2376 curn]
365 2340 433 2366 tum
452 2336 648 2368 Kindsclzer:
667 2335 724 2367 del.
743 2335 882 2366 ciaccon.
1039 2346 1078 2374 27
1106 2335 1399 2374 Illurgavonenses
1417 2334 1453 2363 X
1466 2335 1515 2364 ln'c

191 2382 220 2408 et
233 2378 320 2418 infra
336 2390 342 2410 :
369 2379 564 2418 Ilergaones
579 2378 751 2410 Schneider
767 2389 841 2409 cum
859 2379 1009 2409 nummis
1407 2421 1425 2447 q

235 2431 327 2452 ciffis.
348 2432 411 2452 13.c.
1406 2440 1416 2449 .⁷
