1705 2729
494 113 569 149 DE
601 112 780 150 BELLO
810 112 987 151 CIVILI
1019 113 1120 150 LIB.
1154 114 1170 149 I

173 222 328 270 Quibus
357 221 490 259 litteris
524 220 748 270 nuntiisque
783 223 954 258 Romam
983 220 1139 271 perlatis
1169 221 1298 271 magni
1327 222 1491 260 domum
1514 239 1528 260 2

171 299 384 324 concursus
412 287 463 324 ad
497 284 701 323 Afranium
736 298 979 334 magnaeque
1012 285 1288 335 gratulationes
1322 285 1493 332 fiebant5

172 349 283 388 multi
310 364 356 388 ex
384 349 496 388 Italia
524 350 574 387 ad
605 350 676 388 Cn.
711 349 944 399 Pompeium
974 349 1330 399 proficiscebantur,
1353 349 1427 395 alii,
1451 356 1493 387 ut

171 413 366 464 principes
399 415 516 451 talem
550 413 732 452 nuntium
769 413 953 460 attulisse,
990 413 1064 460 alii,
1102 427 1151 452 ne
1185 421 1367 452 eventum
1402 413 1493 452 belli

133 496 151 527 5
171 485 416 528 exspectasse
435 485 502 516 aut
522 492 568 517 ex
588 477 772 516 omnibus
792 477 993 516 novissimi
1014 477 1166 516 venisse
1186 478 1418 516 viderentur.

225 543 328 582 Cum
366 541 406 580 in
444 542 504 581 his
541 542 727 592 angustiis
766 556 825 580 res
865 550 966 581 esset
1004 550 1122 592 atque
1157 555 1294 580 omnes
1325 542 1410 580 viae
1443 542 1493 580 ab
1514 550 1566 588 54

169 606 392 644 Afranianis
423 606 611 645 militibus
645 606 921 656 equitibusque
950 606 1223 645 obsiderentur
1252 619 1325 644 nec
1354 613 1494 656 pontes

170 670 304 720 perfici
335 678 504 720 possent,
542 670 705 720 imperat
739 670 927 709 militibus
957 672 1101 710 Caesar
1134 678 1176 708 ut
1211 670 1318 709 navis
1353 670 1495 708 faciant

171 735 281 774 cuius
301 735 451 785 generis
472 749 562 774 eum
587 734 850 785 superioribus
876 734 988 773 annis
1016 748 1108 773 usus
1124 734 1354 773 'Britanniae
1377 736 1495 773 docu-

114 814 153 837 10
171 807 260 838 erat.
320 799 486 839 Carinae
509 812 554 838 ac
578 799 702 849 prima
728 799 940 838 statumina
963 814 1010 838 ex
1033 799 1108 838 levi
1135 799 1295 838 materia
1322 799 1468 838 fiebant
1486 813 1496 847 3
1516 814 1531 834 2

171 863 363 913 reliquum
384 876 525 914 corpus
546 863 704 902 navium
724 863 936 903 viminibus
961 871 1188 902 contextum
1212 863 1326 902 coriis
1353 863 1495 913 intege-

170 928 292 966 batur.
372 930 458 967 Has
496 930 685 978 perfectas
720 928 835 967 carris
868 928 1010 967 iunctis
1045 928 1202 967 devehit
1236 935 1355 966 noctu
1390 927 1495 965 milia
1516 940 1533 969 3

171 1005 357 1043 passuum
403 1006 427 1031 a
475 992 607 1031 castris
647 1005 737 1031 xxn
779 993 999 1043 militesque
1047 992 1106 1031 his
1145 992 1309 1031 navibus
1348 993 1494 1030 flumen

171 1064 406 1108 transportat
427 1057 775 1107 continentemque
796 1057 901 1107 ripae
921 1059 1062 1096 collem
1083 1056 1294 1107 improviso
1315 1064 1492 1106 occupat.

115 1132 151 1164 15
173 1122 295 1159 Hunc
333 1121 506 1160 celeriter
539 1121 644 1171 prius
678 1135 795 1172 quam
830 1122 881 1160 ab
913 1121 1141 1160 adversariis
1172 1120 1359 1159 sentiatur
1393 1134 1496 1159 com-
1515 1137 1533 1165 4

171 1185 306 1223 munit.
386 1187 479 1224 Huc
518 1185 711 1235 legionem
751 1193 887 1236 postea
925 1185 1050 1223 traicit
1087 1192 1206 1235 atque
1244 1198 1290 1223 ex
1332 1192 1495 1234 utraque

171 1257 278 1300 parte
298 1257 460 1300 pontem
481 1249 701 1288 institutum
729 1250 851 1288 biduo
877 1249 1036 1301 perficit.
1098 1251 1158 1288 Ita
1185 1257 1428 1288 commeatus
1458 1256 1495 1287 et
1516 1260 1532 1291 5

171 1313 238 1364 qui
263 1314 447 1353 frumenti
476 1327 592 1353 causa
622 1322 889 1364 processerant
918 1322 1003 1354 tuto
1031 1315 1082 1353 ad
1112 1328 1152 1353 se
1181 1313 1318 1364 recipit
1347 1321 1384 1353 et
1414 1327 1495 1353 rem

171 1379 461 1417 frumentariam
482 1379 663 1430 expedire
684 1379 828 1429 incipit.

114 1455 154 1477 20
227 1444 381 1482 Eodem
422 1443 487 1482 die
525 1443 701 1493 equitum
741 1456 921 1494 magnam
961 1450 1109 1493 partem
1149 1444 1296 1481 flumen
1335 1442 1492 1481 traiecit.
1515 1445 1565 1483 55

173 1507 253 1556 Qui
282 1507 520 1558 inopinantis
550 1508 798 1558 pabulatores
828 1515 865 1546 et
895 1507 978 1546 sine
1010 1509 1089 1545 ullo
1119 1506 1328 1556 dissipatos
1357 1506 1496 1545 timore

170 1573 336 1622 aggressi
375 1586 559 1623 magnum
599 1586 806 1611 numerum
841 1572 1103 1610 iumentorum
1138 1579 1256 1621 atque
1289 1571 1495 1609 hominum

170 1637 421 1688 intercipiunt
441 1637 748 1687 cohortibusque
775 1636 952 1675 caetratis
979 1635 1155 1674 subsidio
1181 1635 1306 1673 missis
1331 1635 1497 1673 scienter

171 1702 210 1740 in
244 1704 342 1741 duas
376 1702 494 1752 partis
528 1715 612 1740 sese
646 1701 894 1748 distribuunt,
928 1700 992 1738 alii
1024 1707 1066 1738 ut
1099 1701 1268 1749 praedae
1301 1699 1495 1749 praesidio

115 1777 151 1809 25
171 1767 257 1814 sint,
275 1766 339 1805 alii
360 1774 401 1805 ut
421 1766 669 1805 venientibus
689 1765 868 1804 resistant
887 1772 1005 1815 atque
1026 1778 1093 1803 eos
1114 1766 1343 1814 propellant,
1362 1778 1496 1802 unam·
1516 1776 1531 1796 2

171 1845 248 1881 que
277 1833 490 1878 cohortem,
520 1844 620 1881 quae
649 1838 795 1868 temere
823 1837 916 1868 ante
945 1837 1092 1868 ceteras
1124 1836 1229 1867 extra
1257 1829 1382 1868 aciem
1412 1842 1496 1879 pro-

171 1903 348 1943 currerat‚
386 1897 578 1934 seclusam
611 1895 662 1933 ab
696 1894 852 1945 reliquis
886 1893 1198 1933 circumveniunt
1231 1901 1349 1943 atque
1383 1893 1495 1932 inter-

171 1959 306 1998 ficiunt
337 1959 634 2010 incolumesque
668 1973 758 1998 cum
790 1972 931 2009 magna
959 1960 1104 2008 praeda
1133 1959 1275 1997 eodem
1305 1966 1426 2008 ponte
1455 1958 1494 1996 in

171 2032 294 2062 castra
313 2031 563 2063 revertuntur.

114 2101 154 2131 30
226 2090 333 2126 Dum
371 2090 469 2127 haec
506 2089 557 2127 ad
597 2089 765 2127 Ilerdam
803 2095 997 2138 geruntur,
1041 2087 1307 2126 Massilienses
1350 2087 1408 2125 usi
1447 2089 1489 2125 L.
1511 2086 1564 2132 56

173 2152 323 2191 Domiti
344 2152 507 2192 consilio
527 2152 635 2191 navis
650 2154 786 2202 longas
801 2152 1014 2203 expediunt
1030 2165 1194 2191 numero
1210 2164 1310 2198 XVII,
1330 2164 1493 2201 quarum

217 2267 257 2287 10
281 2256 387 2295 prima
403 2255 599 2297 Nipperdey:
625 2256 767 2296 primum
785 2254 823 2285 X
866 2256 1008 2295 primum
1024 2260 1191 2286 statumen
1210 2255 1293 2286 alvei
1306 2254 1495 2295 Hoffmann

176 2301 214 2329 16
237 2300 348 2330 traicit
375 2298 597 2330 Vascosanus:
634 2299 809 2330 transiecit
824 2297 862 2328 X
1008 2309 1044 2337 17
1070 2299 1202 2337 perficit
1218 2300 1260 2332 B:
1295 2298 1435 2337 perfecit
1452 2298 1496 2327 D'

176 2343 214 2372 18
239 2343 356 2382 recipit
376 2342 476 2374 U'T':
504 2343 628 2382 recepit
641 2342 717 2373 D'L
807 2352 848 2373 22
872 2352 1027 2381 magnum
1041 2341 1234 2381 Nipperdey:
1261 2342 1325 2372 iam
1339 2352 1494 2380 magnum

173 2385 278 2416 D'T':
304 2396 402 2425 quam
420 2396 576 2425 magnum
594 2386 635 2416 L'
767 2395 808 2424 23
831 2386 988 2417 caetratis
1005 2384 1196 2416 Manutius:
1222 2385 1419 2415 centuriatis
1438 2384 1474 2414 X
