1705 2729
615 139 658 177 C.
693 139 808 176 IVLI
841 140 1108 177 CAESARIS

161 253 179 282 6
202 247 380 297 Cognitis
405 247 459 286 eis
487 248 603 287 rebus
634 262 734 298 quae
762 257 851 287 sunt
875 258 1006 299 gestae
1038 250 1076 287 in
1108 250 1283 290 citeriore
1318 251 1523 302 Hispania,

202 313 347 351 bellum
376 314 545 362 parabat.
608 313 725 352 Ratio
749 322 880 352 autem
913 316 1009 354 haec
1036 323 1116 353 erat
1144 316 1235 354 belli
1258 324 1299 355 ut
1320 331 1361 356 se
1382 331 1472 356 cum
1495 331 1523 356 11

199 377 419 427 legionibus
450 377 572 416 Gadis
602 380 806 425 conferret,
838 379 946 418 navis
977 382 1295 430 frumentumque
1322 395 1442 420 omne
1471 382 1525 421 ibi

198 442 443 489 contineret;
473 442 714 492 provinciam
742 443 846 481 enim
875 457 1033 483 omnem
1063 445 1240 484 Caesaris
1260 446 1376 485 rebus
1397 448 1524 486 favere

198 514 442 556 cognoverat.
522 509 569 545 In
609 507 735 546 insula
770 509 965 547 frumento
1008 509 1252 559 navibusque
1290 511 1560 561 comparatis5

161 570 345 616 7bellum
374 571 464 609 duci
498 584 577 610 non
609 571 766 610 difficile
798 572 1053 611 existimabat.
1115 575 1259 613 Caesar
1290 575 1361 613 etsi
1393 576 1523 614 multis

197 636 504 686 necessariisque
530 637 645 675 rebus
676 637 715 675 in
745 637 897 676 Italiam
925 639 1190 686 revocabatur,
1222 647 1353 678 tamen
1384 641 1525 679 consti-

197 709 321 740 tuerat
353 704 499 741 nullam
531 711 680 752 partem
714 703 805 742 belli
839 704 878 742 in
916 704 1119 755 Hispaniis
1151 706 1380 756 relinquere,
1415 709 1523 757 quod

197 779 337 816 magna
353 780 438 805 esse
455 767 618 818 Pompei
632 768 825 807 beneficia
840 776 878 807 et
899 782 1058 820 magnas
1075 770 1274 810 clientelas
1291 770 1329 809 in
1345 771 1523 810 citeriore

195 830 396 880 provincia
416 831 572 870 sciebat.
1545 842 1583 864 10

128 908 174 944 19
252 897 391 946 Itaque
418 897 571 935 duabus
593 896 812 947 legionibus
834 897 959 936 missis
981 898 1019 936 in
1041 899 1262 938 ulteriorem
1286 899 1521 950 Hispaniam

195 972 284 997 cum
323 961 370 1008 Q.
414 961 563 1008 Cassio,
604 961 762 1001 tribuno
801 962 937 1012 plebis,
978 963 1060 1013 ipse
1103 977 1193 1002 curn
1232 976 1286 1003 DC
1324 965 1522 1014 equitibus

196 1024 344 1073 magnis
379 1025 582 1064 itineribus
621 1027 886 1077 praegreditur
924 1027 1178 1078 edictumque
1217 1029 1439 1079 praemittit,
1470 1031 1521 1069 ad

194 1102 311 1137 quam
348 1090 453 1129 diem
494 1091 739 1141 magistratus
782 1091 1056 1143 principesque
1095 1093 1272 1132 omnium
1319 1093 1520 1133 civitatum

157 1172 170 1192 2
193 1153 266 1192 sibi
294 1168 378 1193 esse
412 1163 567 1205 praesto
599 1157 811 1196 Cordubae
840 1158 964 1196 vellet.
1043 1159 1135 1206 Quo
1166 1158 1297 1197 edicto
1327 1166 1408 1197 tota
1437 1172 1521 1208 pro·
1544 1172 1579 1204 15

193 1219 320 1257 vincia
363 1222 590 1271 pervulgato
634 1223 740 1260 nulla
781 1222 853 1260 fuit
894 1221 1028 1260 civitas
1070 1222 1164 1272 quin
1200 1224 1251 1262 ad
1286 1223 1325 1262 id
1365 1231 1519 1273 tempus

193 1292 342 1334 partem
386 1292 544 1324 senatus
577 1286 806 1325 Cordubam
847 1286 1025 1333 mitteret,
1060 1300 1140 1325 non
1179 1287 1273 1325 civis
1313 1289 1519 1326 Romanus

154 1364 171 1394 3
191 1351 310 1399 paulo
337 1350 465 1389 notior
496 1351 591 1400 quin
621 1353 671 1390 ad
706 1351 811 1390 diem
845 1351 1080 1390 conveniret.
1153 1352 1276 1391 Simul
1311 1352 1394 1403 ipse
1426 1354 1519 1393 Cor-

191 1415 321 1453 dubae
355 1422 572 1454 conventus
612 1429 679 1466 per
712 1429 753 1454 se
785 1423 914 1465 portas
945 1417 1111 1455 Varroni
1140 1417 1289 1464 clausit,
1319 1417 1517 1457 custodias

190 1478 417 1529 vigiliasque
455 1480 494 1518 in
530 1480 698 1519 turribus
732 1495 924 1531 muroque
955 1482 1159 1532 disposuit,
1196 1482 1367 1521 cohortis
1405 1484 1514 1530 duas,
1538 1496 1578 1518 20

190 1557 290 1593 quae
307 1544 509 1583 colonicae
524 1546 832 1595 appellabantur,
856 1559 946 1584 curn
968 1560 1015 1585 eo
1036 1560 1128 1585 casu
1148 1546 1356 1594 venissent,
1380 1547 1517 1586 tuendi

150 1625 169 1655 4
190 1607 326 1657 oppidi
347 1621 463 1647 causa
482 1610 589 1659 apud
610 1623 651 1648 se
671 1609 838 1648 retinuit.
900 1612 1033 1649 Isdem
1053 1611 1193 1650 diebus
1215 1612 1513 1659 Carmonenses,

189 1686 289 1723 quae
311 1681 367 1712 est
388 1675 503 1724 longe
530 1674 751 1713 firmissima
777 1674 896 1714 totius
920 1675 1144 1725 provinciae
1168 1675 1312 1722 civitas,
1336 1675 1516 1714 deductis

189 1737 310 1776 tribus
331 1738 370 1776 in
397 1752 526 1777 arcem
556 1739 693 1789 oppidi
723 1740 950 1780 cohortibus
974 1754 997 1779 a
1016 1743 1193 1779 Varrone
1219 1740 1425 1790 praesidio,
1447 1754 1516 1791 per

189 1815 228 1840 se
250 1802 421 1841 cohortis
442 1803 555 1842 eiecit
575 1811 785 1854 portasque
807 1805 1033 1855 praeclusit:
1535 1825 1573 1857 ²5

114 1880 168 1909 20
243 1869 335 1906 Hoc
356 1882 447 1907 vero
468 1869 589 1919 magis
610 1883 816 1920 properare
836 1873 960 1909 Varro
981 1878 1023 1909 ut
1043 1884 1133 1910 curn
1155 1870 1374 1920 legionibus
1395 1883 1513 1920 quam

187 1931 356 1981 primum
387 1933 508 1972 Gadis
543 1936 810 1981 contenderet,
847 1948 896 1973 ne
928 1934 1064 1974 itinere
1102 1942 1168 1973 aut
1207 1934 1368 1974 traiectu
1402 1934 1515 1972 inter-

186 1997 407 2035 cluderetur
425 2012 434 2044 ς
476 2005 583 2036 tanta
617 2012 663 2036 ac
697 2006 776 2036 tam
812 2000 986 2038 secunda
1019 1999 1057 2037 in
1091 2001 1299 2038 Caesarem
1333 1999 1514 2038 voluntas

152 2083 166 2104 2
186 2061 409 2111 provinciae
430 2063 702 2112 reperiebatur.
764 2065 972 2114 Progresso
993 2063 1027 2102 ei
1048 2065 1166 2113 paulo
1190 2062 1343 2113 longius
1364 2062 1513 2101 litterae

187 2126 365 2165 Gadibus
405 2129 630 2175 redduntur,
669 2128 784 2167 simul
823 2136 941 2178 atque
980 2128 1027 2167 sit
1061 2128 1262 2179 cognitum
1297 2129 1346 2167 de
1381 2127 1512 2166 edicto
1532 2140 1572 2171 30

187 2192 363 2232 Caesaris
416 2192 662 2232 consensisse
707 2193 925 2233 Gaditanos
971 2192 1166 2244 principes
1209 2206 1299 2232 curn
1347 2191 1511 2231 tribunis

228 2306 247 2334 3
268 2295 380 2327 Gades
395 2295 438 2326 L2
529 2306 614 2335 4—19
637 2296 781 2336 (savelre
800 2321 806 2327 .
827 2321 832 2326 .
853 2322 859 2328 .
878 2297 1045 2327 custodias
1060 2296 1118 2336 des
1135 2296 1169 2326 D
1261 2306 1276 2334 7
1298 2296 1425 2326 Italiam
1444 2295 1510 2325 L2':

185 2339 281 2389 ltalia
295 2338 353 2412 XX
501 2349 538 2378 17
563 2340 754 2371 Cordubam
776 2350 810 2370 r:
843 2340 1021 2370 Cordubae
1037 2339 1075 2369 X
1249 2348 1290 2378 25
1314 2338 1415 2369 eiecit
1433 2337 1509 2368 Δ’·’δ;

184 2387 299 2413 iniecit
