1638 2729
626 89 945 126 PRAEFATIO

124 204 227 245 patet
266 196 393 234 omnis
433 211 478 235 cx
517 211 597 235 uno
636 199 743 236 fonte
781 197 976 236 derivatos
1014 211 1108 237 esse.
1178 200 1356 247 Quorum
1395 201 1445 238 de

123 265 355 315 cognatione
387 274 428 304 ut
460 280 540 304 non
575 268 670 305 ferat
700 266 815 305 huius
847 267 1030 306 editionis
1061 268 1157 306 ratio
1186 275 1228 306 ut
1257 268 1445 307 curiosius

123 334 373 385 inquiramus,
411 335 501 374 licet
540 343 671 375 tamen
711 337 876 375 breviter
913 339 1103 377 adnotare
1140 338 1298 377 codices
1332 340 1455 378 LUF

123 404 364 454 (praesertim
408 407 510 456 HF),
548 405 641 444 item
677 408 760 454 TV,
792 407 947 457 saepius
986 407 1085 446 inter
1123 422 1164 447 se
1202 408 1447 456 consentire3

122 474 348 524 saepissime
368 483 500 514 autem
522 476 697 526 quinque
719 476 804 515 illos
824 479 1029 516 LUFTV
1040 492 1086 516 ex
1113 479 1186 516 hac
1207 486 1314 528 parte
1334 486 1444 525 stare,

122 558 167 582 ex
188 543 252 582 illa
272 545 450 584 codicem
467 548 522 584 D.
573 549 627 585 At
642 561 731 585 cum
750 548 1017 597 reputabimus
1034 556 1180 598 quanta
1195 548 1235 587 in
1251 562 1448 587 commen-

123 614 226 652 tariis
246 616 296 654 de
319 617 429 654 Bello
452 616 604 655 Gallico
625 617 740 655 huius
761 617 909 655 codicis
925 618 1112 657 exstiterit
1132 632 1223 656 cum
1243 618 1447 657 codicibus

122 684 291 724 familiae
329 685 501 736 integrae
539 686 766 734 similitudo,
803 687 916 726 facile
953 688 1157 738 apparebit
1190 687 1327 738 quanti
1360 688 1448 726 faci-

122 756 247 793 endus
277 754 348 793 sit:
384 755 506 795 immo
536 758 661 796 multo
691 756 838 796 maiore
868 758 974 807 apud
1005 771 1078 796 nos
1109 757 1228 796 libros
1259 759 1309 797 de
1337 759 1447 796 Bello

123 823 237 863 Civili
264 825 468 875 relegentis
493 825 787 876 ingravescebat
809 826 1051 874 auctoritate,
1074 841 1164 866 cum
1185 827 1252 878 qui
1272 827 1448 877 plurimis

123 894 218 932 locis
238 908 369 934 veram
394 909 566 935 servasse
594 896 823 935 memoriam
848 910 917 946 per
941 911 982 935 se
1006 897 1212 944 videretur,
1236 905 1319 936 turn
1339 899 1447 948 quod

123 964 310 1003 sescentis
344 965 440 1003 locis
478 967 529 1005 de
568 967 712 1017 quibus
746 966 916 1006 dubitari
955 967 1082 1017 potuit
1120 969 1259 1006 eadem
1299 967 1447 1007 ratione

122 1049 144 1072 a
176 1035 313 1074 ceteris
347 1035 568 1086 discrepare
599 1037 865 1076 sentiebamus
898 1051 975 1087 qua
1006 1037 1045 1074 in
1077 1037 1367 1076 commentariis
1398 1039 1449 1077 de

125 1106 234 1143 Bello
267 1104 419 1144 Gallico
452 1107 503 1144 ab
537 1106 778 1157 interpolatis
813 1107 1068 1146 dissentiebat
1100 1115 1138 1145 et
1168 1121 1258 1145 curn
1293 1107 1449 1157 integris

124 1173 299 1212 faciebat.
369 1176 618 1226 Quapropter
656 1177 771 1215 nobis
810 1177 1016 1216 videbatur
1054 1184 1156 1216 recte
1190 1177 1240 1215 ab
1274 1178 1450 1217 Aluredo

126 1245 279 1283 Holder
299 1244 455 1294 plurimi
476 1247 600 1284 factus
621 1261 715 1285 esse.

180 1315 286 1353 Huic
307 1315 434 1354 codici
455 1316 674 1356 simillimus
695 1326 819 1356 exstat
834 1320 876 1356 E
884 1319 1057 1357 :codex
1077 1318 1282 1366 Torrentii‚
1301 1320 1351 1357 de
1372 1332 1450 1369 quo

124 1399 204 1424 non
238 1384 374 1424 inutile
412 1393 470 1425 est
504 1400 630 1437 pauca
667 1389 822 1427 addere.
898 1390 1035 1428 Codex
1073 1396 1131 1427 est
1170 1388 1451 1427 recentioribus

124 1454 339 1494 editoribus
367 1457 445 1495 fere
473 1456 639 1507 ignotus,
663 1472 786 1508 nuper
811 1458 928 1497 etiam
950 1459 1115 1497 defletus
1136 1458 1246 1508 quasi
1272 1459 1450 1497 nondum

125 1526 288 1563 collatus
324 1534 436 1573 esset,
470 1527 663 1577 prioribus
698 1542 789 1567 vero
829 1528 976 1579 optime
1012 1536 1139 1575 notus,
1171 1536 1212 1566 ut
1243 1528 1451 1566 Francisco

125 1596 372 1646 Oudendorp
401 1604 500 1636 teste
530 1605 624 1645 utar,
654 1598 721 1648 qui
753 1612 842 1636 eum
875 1600 925 1637 ad
956 1598 1171 1637 editionem
1203 1611 1313 1636 suam
1346 1611 1451 1636 anno

126 1678 373 1704 MDccxxxvl
394 1668 590 1716 praefatus
611 1668 664 1706 ita
684 1668 868 1707 describit
886 1684 892 1705 z
920 1669 1201 1715 ‘Lovanaensis‚
1224 1682 1245 1706 e
1266 1668 1451 1707 societate

126 1737 226 1783 Iesu,
251 1736 317 1786 qui
346 1736 440 1775 olim
472 1737 633 1776 Laevini
653 1738 849 1777 Torrentii
879 1740 1011 1785 fuerat,
1041 1746 1079 1777 et
1105 1752 1127 1776 a
1155 1739 1212 1777 Cl.
1244 1739 1273 1776 Ι.
1305 1737 1448 1788 Lipsio,

126 1805 191 1855 qui
227 1808 524 1845 Torreutz'anmn
562 1816 687 1856 vocat,
729 1810 892 1847 collatus
933 1810 983 1847 ad
1025 1809 1096 1847 Ed.
1140 1807 1451 1846 Plantinianam:

125 1877 231 1915 unde
251 1876 373 1915 varias
394 1877 583 1917 lectiones
608 1877 813 1928 descripsit
836 1879 1097 1928 Marquardus
1123 1877 1287 1916 Gudius.
1348 1877 1452 1916 Dein

125 1945 302 1984 eiusdem
326 1947 474 1985 codicis
501 1947 752 1986 collationem
774 1947 939 1985 instituit
960 1947 1241 1985 illustrissimus
1264 1947 1451 1986 Nicolaus

128 2015 316 2054 Heinsius
342 2018 393 2055 ad
420 2018 492 2055 Ed.
517 2017 757 2065 Parisinamj
786 2025 823 2055 et
845 2031 890 2056 ex
911 2031 958 2056 eo
984 2017 1259 2056 celeberrimus
1282 2017 1452 2055 Iacobus

127 2085 349 2124 Perizonius
375 2088 426 2125 ad
452 2088 525 2125 Ed.
550 2087 831 2126 Elzevirianam
860 2102 938 2126 una
964 2101 1054 2125 cum
1074 2087 1304 2125 ffiinsmm‘s
1323 2100 1451 2125 emen-

126 2155 362 2202 dationibus,
385 2164 424 2194 et
447 2156 511 2194 alii
538 2157 645 2195 docti
671 2157 740 2195 viri
764 2159 814 2195 ad
844 2158 944 2196 Edd.
967 2157 1071 2195 alias.
1133 2156 1212 2195 Hic
1239 2157 1364 2195 codex
1394 2164 1452 2194 est

127 2233 409 2272 sexcentorum,
425 2228 485 2264 vel
506 2226 686 2276 plurium,
703 2235 744 2265 ut
766 2234 914 2277 putant,
932 2241 1136 2266 annorum.
1191 2225 1450 2265 Peritissimus

127 2303 257 2334 tamen
297 2297 433 2333 harum
474 2297 751 2346 elegantiarum
791 2305 986 2347 spectator
1023 2306 1061 2335 et
1100 2296 1225 2342 iudex,
1263 2296 1450 2335 Heinsius
