<?xml version="1.0" encoding="UTF-8"?>
<!DOCTYPE html PUBLIC "-//W3C//DTD XHTML 1.0 Transitional//EN"
    "http://www.w3.org/TR/xhtml1/DTD/xhtml1-transitional.dtd">
<html xmlns="http://www.w3.org/1999/xhtml" xml:lang="en" lang="en">
 <head>
  <title>
</title>
<meta http-equiv="Content-Type" content="text/html;charset=utf-8" />
  <meta name='ocr-system' content='tesseract 3.04.00' />
  <meta name='ocr-capabilities' content='ocr_page ocr_carea ocr_par ocr_line ocrx_word'/>
</head>
<body>
  <div class='ocr_page' id='page_1' title='image "./commentariorumpa02caesuoft_0182.png"; bbox 0 0 1705 2729; ppageno 0'>
   <div class='ocr_carea' id='block_1_1' title="bbox 602 126 1149 165">
    <p class='ocr_par' dir='ltr' id='par_1_1' title="bbox 602 126 1149 165">
     <span class='ocr_line' id='line_1_1' title="bbox 602 126 1149 165; baseline 0 -2"><span class='ocrx_word' id='word_1_1' title='bbox 602 127 835 165; x_wconf 84' lang='lat' dir='ltr'>INCERTI</span> <span class='ocrx_word' id='word_1_2' title='bbox 868 126 1149 164; x_wconf 74' lang='lat' dir='ltr'><strong>AVCTORIS</strong></span> 
     </span>
    </p>
   </div>
   <div class='ocr_carea' id='block_1_2' title="bbox 137 236 1543 2099">
    <p class='ocr_par' dir='ltr' id='par_1_2' title="bbox 137 236 1543 2099">
     <span class='ocr_line' id='line_1_2' title="bbox 214 236 1537 287; baseline -0.001 -12"><span class='ocrx_word' id='word_1_3' title='bbox 214 237 408 276; x_wconf 79' lang='lat' dir='ltr'>thridaten</span> <span class='ocrx_word' id='word_1_4' title='bbox 436 238 591 287; x_wconf 73' lang='lat' dir='ltr'>aggredi</span> <span class='ocrx_word' id='word_1_5' title='bbox 621 245 763 287; x_wconf 77' lang='lat' dir='ltr'>posset,</span> <span class='ocrx_word' id='word_1_6' title='bbox 796 251 965 286; x_wconf 83' lang='lat' dir='ltr'>eumque</span> <span class='ocrx_word' id='word_1_7' title='bbox 992 238 1041 275; x_wconf 79' lang='lat' dir='ltr'>ad</span> <span class='ocrx_word' id='word_1_8' title='bbox 1070 250 1110 274; x_wconf 82' lang='lat' dir='ltr'>se</span> <span class='ocrx_word' id='word_1_9' title='bbox 1138 236 1322 275; x_wconf 78' lang='lat' dir='ltr'>victorem</span> <span class='ocrx_word' id='word_1_10' title='bbox 1351 236 1537 275; x_wconf 88' lang='lat' dir='ltr'>incolumi</span> 
     </span>
     <span class='ocr_line' id='line_1_3' title="bbox 175 301 1540 352; baseline 0 -12"><span class='ocrx_word' id='word_1_11' title='bbox 175 313 192 343; x_wconf 84' lang='grc'>3</span> <span class='ocrx_word' id='word_1_12' title='bbox 213 302 382 341; x_wconf 75' lang='lat' dir='ltr'>exercitu</span> <span class='ocrx_word' id='word_1_13' title='bbox 417 303 571 352; x_wconf 86' lang='lat' dir='ltr'>recepit.</span> <span class='ocrx_word' id='word_1_14' title='bbox 632 303 874 342; x_wconf 85' lang='lat' dir='ltr'>Consederat</span> <span class='ocrx_word' id='word_1_15' title='bbox 906 316 995 339; x_wconf 82' lang='lat' dir='ltr'>cum</span> <span class='ocrx_word' id='word_1_16' title='bbox 1030 301 1152 351; x_wconf 86' lang='lat' dir='ltr'>copiis</span> <span class='ocrx_word' id='word_1_17' title='bbox 1187 315 1250 340; x_wconf 76' lang='lat' dir='ltr'>rex</span> <span class='ocrx_word' id='word_1_18' title='bbox 1281 303 1369 340; x_wconf 92' lang='lat' dir='ltr'>loco</span> <span class='ocrx_word' id='word_1_19' title='bbox 1403 310 1540 340; x_wconf 86' lang='lat' dir='ltr'>natura</span> 
     </span>
     <span class='ocr_line' id='line_1_4' title="bbox 214 365 1539 417; baseline 0 -14"><span class='ocrx_word' id='word_1_20' title='bbox 214 367 378 414; x_wconf 85' lang='lat' dir='ltr'>munito,</span> <span class='ocrx_word' id='word_1_21' title='bbox 401 368 509 417; x_wconf 83' lang='lat' dir='ltr'>quod</span> <span class='ocrx_word' id='word_1_22' title='bbox 537 374 617 405; x_wconf 89' lang='lat' dir='ltr'>erat</span> <span class='ocrx_word' id='word_1_23' title='bbox 642 367 723 417; x_wconf 84' lang='lat' dir='ltr'>ipse</span> <span class='ocrx_word' id='word_1_24' title='bbox 750 366 936 405; x_wconf 76' lang='lat' dir='ltr'>excelsior</span> <span class='ocrx_word' id='word_1_25' title='bbox 957 365 1117 416; x_wconf 76' lang='lat' dir='ltr'>planitie</span> <span class='ocrx_word' id='word_1_26' title='bbox 1145 380 1190 404; x_wconf 78' lang='lat' dir='ltr'>ex</span> <span class='ocrx_word' id='word_1_27' title='bbox 1217 366 1401 404; x_wconf 89' lang='lat' dir='ltr'>omnibus</span> <span class='ocrx_word' id='word_1_28' title='bbox 1428 366 1539 416; x_wconf 86' lang='lat' dir='ltr'>parti-</span> 
     </span>
     <span class='ocr_line' id='line_1_5' title="bbox 215 430 1539 480; baseline -0.002 -11"><span class='ocrx_word' id='word_1_29' title='bbox 215 432 286 469; x_wconf 88' lang='lat' dir='ltr'>bus</span> <span class='ocrx_word' id='word_1_30' title='bbox 308 431 508 479; x_wconf 75' lang='lat' dir='ltr'>subiecta3</span> <span class='ocrx_word' id='word_1_31' title='bbox 537 431 660 469; x_wconf 89' lang='lat' dir='ltr'>tribus</span> <span class='ocrx_word' id='word_1_32' title='bbox 683 439 815 469; x_wconf 85' lang='lat' dir='ltr'>autem</span> <span class='ocrx_word' id='word_1_33' title='bbox 840 445 886 469; x_wconf 78' lang='lat' dir='ltr'>ex</span> <span class='ocrx_word' id='word_1_34' title='bbox 913 430 1098 469; x_wconf 83' lang='lat' dir='ltr'>lateribus</span> <span class='ocrx_word' id='word_1_35' title='bbox 1119 430 1231 468; x_wconf 86' lang='lat' dir='ltr'>variis</span> <span class='ocrx_word' id='word_1_36' title='bbox 1255 444 1395 480; x_wconf 86' lang='lat' dir='ltr'>genere</span> <span class='ocrx_word' id='word_1_37' title='bbox 1417 430 1539 468; x_wconf 90' lang='lat' dir='ltr'>muni-</span> 
     </span>
     <span class='ocr_line' id='line_1_6' title="bbox 213 494 1539 545; baseline -0.001 -12"><span class='ocrx_word' id='word_1_38' title='bbox 213 495 386 534; x_wconf 82' lang='lat' dir='ltr'>tionibus</span> <span class='ocrx_word' id='word_1_39' title='bbox 431 497 658 545; x_wconf 83' lang='lat' dir='ltr'>tegebatur:</span> <span class='ocrx_word' id='word_1_40' title='bbox 706 509 829 533; x_wconf 89' lang='lat' dir='ltr'>unum</span> <span class='ocrx_word' id='word_1_41' title='bbox 877 497 976 532; x_wconf 83' lang='lat' dir='ltr'>latus</span> <span class='ocrx_word' id='word_1_42' title='bbox 1020 502 1100 533; x_wconf 90' lang='lat' dir='ltr'>erat</span> <span class='ocrx_word' id='word_1_43' title='bbox 1142 494 1340 533; x_wconf 87' lang='lat' dir='ltr'>adiectum</span> <span class='ocrx_word' id='word_1_44' title='bbox 1388 494 1539 532; x_wconf 88' lang='lat' dir='ltr'>flumini</span> 
     </span>
     <span class='ocr_line' id='line_1_7' title="bbox 213 559 1538 609; baseline -0.002 -11"><span class='ocrx_word' id='word_1_45' title='bbox 213 560 316 607; x_wconf 93' lang='lat' dir='ltr'>Nilo,</span> <span class='ocrx_word' id='word_1_46' title='bbox 340 561 504 598; x_wconf 85' lang='lat' dir='ltr'>alterum</span> <span class='ocrx_word' id='word_1_47' title='bbox 534 559 750 598; x_wconf 88' lang='lat' dir='ltr'>editissimo</span> <span class='ocrx_word' id='word_1_48' title='bbox 777 561 865 598; x_wconf 90' lang='lat' dir='ltr'>loco</span> <span class='ocrx_word' id='word_1_49' title='bbox 888 560 1063 605; x_wconf 86' lang='lat' dir='ltr'>ductum,</span> <span class='ocrx_word' id='word_1_50' title='bbox 1087 566 1129 596; x_wconf 91' lang='lat' dir='ltr'>ut</span> <span class='ocrx_word' id='word_1_51' title='bbox 1153 566 1302 609; x_wconf 87' lang='lat' dir='ltr'>partem</span> <span class='ocrx_word' id='word_1_52' title='bbox 1326 567 1538 597; x_wconf 88' lang='lat' dir='ltr'>castrorum</span> 
     </span>
     <span class='ocr_line' id='line_1_8' title="bbox 213 623 1045 674; baseline -0.002 -12"><span class='ocrx_word' id='word_1_53' title='bbox 213 624 418 672; x_wconf 87' lang='lat' dir='ltr'>obtineret,</span> <span class='ocrx_word' id='word_1_54' title='bbox 450 624 606 663; x_wconf 90' lang='lat' dir='ltr'>tertium</span> <span class='ocrx_word' id='word_1_55' title='bbox 635 625 779 674; x_wconf 89' lang='lat' dir='ltr'>palude</span> <span class='ocrx_word' id='word_1_56' title='bbox 807 623 1045 673; x_wconf 74' lang='lat' dir='ltr'>cingebatur.</span> 
     </span>
     <span class='ocr_line' id='line_1_9' title="bbox 138 688 1539 738; baseline -0.001 -10"><span class='ocrx_word' id='word_1_57' title='bbox 138 699 193 735; x_wconf 89' lang='lat'>29</span> <span class='ocrx_word' id='word_1_58' title='bbox 269 691 376 728; x_wconf 84' lang='lat' dir='ltr'><strong>Inter</strong></span> <span class='ocrx_word' id='word_1_59' title='bbox 395 697 520 729; x_wconf 88' lang='lat' dir='ltr'>castra</span> <span class='ocrx_word' id='word_1_60' title='bbox 539 697 578 728; x_wconf 90' lang='lat' dir='ltr'>et</span> <span class='ocrx_word' id='word_1_61' title='bbox 599 689 775 728; x_wconf 73' lang='lat' dir='ltr'>Caesaris</span> <span class='ocrx_word' id='word_1_62' title='bbox 791 688 862 727; x_wconf 92' lang='lat' dir='ltr'>iter</span> <span class='ocrx_word' id='word_1_63' title='bbox 882 690 1029 726; x_wconf 86' lang='lat' dir='ltr'>flumen</span> <span class='ocrx_word' id='word_1_64' title='bbox 1043 688 1312 727; x_wconf 79' lang='lat' dir='ltr'>intercedebat</span> <span class='ocrx_word' id='word_1_65' title='bbox 1331 696 1539 738; x_wconf 85' lang='lat' dir='ltr'>angustum</span> 
     </span>
     <span class='ocr_line' id='line_1_10' title="bbox 212 752 1540 804; baseline -0.002 -12"><span class='ocrx_word' id='word_1_66' title='bbox 212 754 411 793; x_wconf 74' lang='lat' dir='ltr'>altissimis</span> <span class='ocrx_word' id='word_1_67' title='bbox 438 754 540 804; x_wconf 85' lang='lat' dir='ltr'>ripis,</span> <span class='ocrx_word' id='word_1_68' title='bbox 574 754 681 803; x_wconf 88' lang='lat' dir='ltr'>quod</span> <span class='ocrx_word' id='word_1_69' title='bbox 706 752 745 790; x_wconf 91' lang='lat' dir='ltr'>in</span> <span class='ocrx_word' id='word_1_70' title='bbox 773 752 909 790; x_wconf 87' lang='lat' dir='ltr'>Nilum</span> <span class='ocrx_word' id='word_1_71' title='bbox 936 752 1135 800; x_wconf 84' lang='lat' dir='ltr'>influebat,</span> <span class='ocrx_word' id='word_1_72' title='bbox 1167 753 1301 790; x_wconf 86' lang='lat' dir='ltr'>aberat</span> <span class='ocrx_word' id='word_1_73' title='bbox 1329 760 1461 791; x_wconf 86' lang='lat' dir='ltr'>autem</span> <span class='ocrx_word' id='word_1_74' title='bbox 1490 753 1540 791; x_wconf 84' lang='lat' dir='ltr'>ab</span> 
     </span>
     <span class='ocr_line' id='line_1_11' title="bbox 177 816 1540 869; baseline 0 -14"><span class='ocrx_word' id='word_1_75' title='bbox 177 835 191 855; x_wconf 76' lang='lat'><em>2</em></span> <span class='ocrx_word' id='word_1_76' title='bbox 213 819 311 869; x_wconf 82' lang='lat' dir='ltr'>regis</span> <span class='ocrx_word' id='word_1_77' title='bbox 346 818 480 857; x_wconf 89' lang='lat' dir='ltr'>castris</span> <span class='ocrx_word' id='word_1_78' title='bbox 520 818 626 856; x_wconf 89' lang='lat' dir='ltr'>milia</span> <span class='ocrx_word' id='word_1_79' title='bbox 663 831 848 867; x_wconf 77' lang='lat' dir='ltr'>passuum</span> <span class='ocrx_word' id='word_1_80' title='bbox 884 816 1035 855; x_wconf 76' lang='lat' dir='ltr'>circiter</span> <span class='ocrx_word' id='word_1_81' title='bbox 1068 829 1136 854; x_wconf 40' lang='lat' dir='ltr'>vili</span> <span class='ocrx_word' id='word_1_82' title='bbox 1211 819 1298 855; x_wconf 84' lang='lat' dir='ltr'>Rex</span> <span class='ocrx_word' id='word_1_83' title='bbox 1335 830 1425 855; x_wconf 91' lang='lat' dir='ltr'>cum</span> <span class='ocrx_word' id='word_1_84' title='bbox 1463 817 1540 855; x_wconf 89' lang='lat' dir='ltr'>hoc</span> 
     </span>
     <span class='ocr_line' id='line_1_12' title="bbox 213 881 1540 932; baseline -0.001 -11"><span class='ocrx_word' id='word_1_85' title='bbox 213 884 350 922; x_wconf 87' lang='lat' dir='ltr'>itinere</span> <span class='ocrx_word' id='word_1_86' title='bbox 371 883 502 922; x_wconf 85' lang='lat' dir='ltr'>venire</span> <span class='ocrx_word' id='word_1_87' title='bbox 531 884 740 922; x_wconf 79' lang='lat' dir='ltr'>Caesarem</span> <span class='ocrx_word' id='word_1_88' title='bbox 767 881 1033 932; x_wconf 87' lang='lat' dir='ltr'>comperisset,</span> <span class='ocrx_word' id='word_1_89' title='bbox 1055 882 1273 931; x_wconf 75' lang='lat' dir='ltr'>equitatum</span> <span class='ocrx_word' id='word_1_90' title='bbox 1295 895 1453 920; x_wconf 90' lang='lat' dir='ltr'>omnem</span> <span class='ocrx_word' id='word_1_91' title='bbox 1481 895 1540 920; x_wconf 89' lang='lat' dir='ltr'>ex-</span> 
     </span>
     <span class='ocr_line' id='line_1_13' title="bbox 212 945 1540 999; baseline -0.003 -12"><span class='ocrx_word' id='word_1_92' title='bbox 212 948 447 999; x_wconf 88' lang='lat' dir='ltr'>peditosque</span> <span class='ocrx_word' id='word_1_93' title='bbox 471 949 646 986; x_wconf 90' lang='lat' dir='ltr'>delectos</span> <span class='ocrx_word' id='word_1_94' title='bbox 671 946 822 997; x_wconf 86' lang='lat' dir='ltr'>pedites</span> <span class='ocrx_word' id='word_1_95' title='bbox 849 948 899 985; x_wconf 89' lang='lat' dir='ltr'>ad</span> <span class='ocrx_word' id='word_1_96' title='bbox 921 946 960 985; x_wconf 91' lang='lat' dir='ltr'>id</span> <span class='ocrx_word' id='word_1_97' title='bbox 981 948 1128 984; x_wconf 87' lang='lat' dir='ltr'>flumen</span> <span class='ocrx_word' id='word_1_98' title='bbox 1156 946 1260 984; x_wconf 80' lang='lat' dir='ltr'>misit</span> <span class='ocrx_word' id='word_1_99' title='bbox 1284 946 1351 996; x_wconf 92' lang='lat' dir='ltr'>qui</span> <span class='ocrx_word' id='word_1_100' title='bbox 1378 945 1540 984; x_wconf 87' lang='lat' dir='ltr'>transitu</span> 
     </span>
     <span class='ocr_line' id='line_1_14' title="bbox 213 1010 1541 1062; baseline -0.003 -10"><span class='ocrx_word' id='word_1_101' title='bbox 213 1014 421 1052; x_wconf 89' lang='lat' dir='ltr'>Caesarem</span> <span class='ocrx_word' id='word_1_102' title='bbox 456 1011 709 1062; x_wconf 84' lang='lat' dir='ltr'>prohiberent</span> <span class='ocrx_word' id='word_1_103' title='bbox 738 1019 775 1050; x_wconf 89' lang='lat' dir='ltr'>et</span> <span class='ocrx_word' id='word_1_104' title='bbox 806 1011 959 1049; x_wconf 87' lang='lat' dir='ltr'>eminus</span> <span class='ocrx_word' id='word_1_105' title='bbox 993 1026 1038 1049; x_wconf 84' lang='lat' dir='ltr'>ex</span> <span class='ocrx_word' id='word_1_106' title='bbox 1070 1010 1161 1060; x_wconf 90' lang='lat' dir='ltr'>ripis</span> <span class='ocrx_word' id='word_1_107' title='bbox 1195 1010 1386 1061; x_wconf 87' lang='lat' dir='ltr'>proelium</span> <span class='ocrx_word' id='word_1_108' title='bbox 1417 1010 1541 1061; x_wconf 88' lang='lat' dir='ltr'>impar</span> 
     </span>
     <span class='ocr_line' id='line_1_15' title="bbox 212 1075 1541 1126; baseline -0.002 -11"><span class='ocrx_word' id='word_1_109' title='bbox 212 1078 377 1116; x_wconf 90' lang='lat' dir='ltr'>inirent:</span> <span class='ocrx_word' id='word_1_110' title='bbox 419 1078 570 1115; x_wconf 90' lang='lat' dir='ltr'>nullum</span> <span class='ocrx_word' id='word_1_111' title='bbox 602 1076 707 1114; x_wconf 87' lang='lat' dir='ltr'>enim</span> <span class='ocrx_word' id='word_1_112' title='bbox 740 1089 965 1126; x_wconf 82' lang='lat' dir='ltr'>processum</span> <span class='ocrx_word' id='word_1_113' title='bbox 996 1075 1115 1113; x_wconf 88' lang='lat' dir='ltr'>virtus</span> <span class='ocrx_word' id='word_1_114' title='bbox 1149 1076 1320 1114; x_wconf 86' lang='lat' dir='ltr'>habebat</span> <span class='ocrx_word' id='word_1_115' title='bbox 1349 1082 1416 1114; x_wconf 89' lang='lat' dir='ltr'>aut</span> <span class='ocrx_word' id='word_1_116' title='bbox 1446 1075 1541 1125; x_wconf 87' lang='lat' dir='ltr'>peri-</span> 
     </span>
     <span class='ocr_line' id='line_1_16' title="bbox 175 1139 1541 1192; baseline -0.004 -10"><span class='ocrx_word' id='word_1_117' title='bbox 175 1153 192 1182; x_wconf 84' lang='lat'>3</span> <span class='ocrx_word' id='word_1_118' title='bbox 213 1145 344 1181; x_wconf 90' lang='lat' dir='ltr'>culum</span> <span class='ocrx_word' id='word_1_119' title='bbox 376 1141 529 1192; x_wconf 82' lang='lat' dir='ltr'>ignavia</span> <span class='ocrx_word' id='word_1_120' title='bbox 558 1140 724 1179; x_wconf 82' lang='lat' dir='ltr'>subibat.</span> <span class='ocrx_word' id='word_1_121' title='bbox 785 1141 899 1188; x_wconf 80' lang='lat' dir='ltr'>Quae</span> <span class='ocrx_word' id='word_1_122' title='bbox 929 1154 987 1178; x_wconf 91' lang='lat' dir='ltr'>res</span> <span class='ocrx_word' id='word_1_123' title='bbox 1022 1139 1196 1178; x_wconf 87' lang='lat' dir='ltr'>incendit</span> <span class='ocrx_word' id='word_1_124' title='bbox 1230 1141 1365 1178; x_wconf 90' lang='lat' dir='ltr'>dolore</span> <span class='ocrx_word' id='word_1_125' title='bbox 1399 1139 1541 1178; x_wconf 87' lang='lat' dir='ltr'>milites</span> 
     </span>
     <span class='ocr_line' id='line_1_17' title="bbox 213 1204 1541 1258; baseline -0.004 -12"><span class='ocrx_word' id='word_1_126' title='bbox 213 1208 443 1258; x_wconf 78' lang='lat' dir='ltr'>equitesque</span> <span class='ocrx_word' id='word_1_127' title='bbox 465 1214 628 1253; x_wconf 89' lang='lat' dir='ltr'>nostros,</span> <span class='ocrx_word' id='word_1_128' title='bbox 656 1206 764 1255; x_wconf 90' lang='lat' dir='ltr'>quod</span> <span class='ocrx_word' id='word_1_129' title='bbox 786 1212 865 1243; x_wconf 89' lang='lat' dir='ltr'>tam</span> <span class='ocrx_word' id='word_1_130' title='bbox 893 1204 960 1243; x_wconf 91' lang='lat' dir='ltr'>diu</span> <span class='ocrx_word' id='word_1_131' title='bbox 987 1204 1069 1254; x_wconf 87' lang='lat' dir='ltr'>pari</span> <span class='ocrx_word' id='word_1_132' title='bbox 1096 1204 1244 1254; x_wconf 91' lang='lat' dir='ltr'>proelio</span> <span class='ocrx_word' id='word_1_133' title='bbox 1265 1218 1355 1242; x_wconf 88' lang='lat' dir='ltr'>cum</span> <span class='ocrx_word' id='word_1_134' title='bbox 1375 1205 1541 1242; x_wconf 84' lang='lat' dir='ltr'>Alexan-</span> 
     </span>
     <span class='ocr_line' id='line_1_18' title="bbox 173 1268 1541 1321; baseline -0.003 -11"><span class='ocrx_word' id='word_1_135' title='bbox 173 1290 194 1321; x_wconf 88' lang='lat'>4</span> <span class='ocrx_word' id='word_1_136' title='bbox 213 1272 334 1311; x_wconf 86' lang='lat' dir='ltr'>drinis</span> <span class='ocrx_word' id='word_1_137' title='bbox 364 1278 581 1310; x_wconf 88' lang='lat' dir='ltr'>certaretur.</span> <span class='ocrx_word' id='word_1_138' title='bbox 644 1272 783 1319; x_wconf 87' lang='lat' dir='ltr'>Itaque</span> <span class='ocrx_word' id='word_1_139' title='bbox 809 1270 951 1307; x_wconf 89' lang='lat' dir='ltr'>eodem</span> <span class='ocrx_word' id='word_1_140' title='bbox 980 1276 1154 1318; x_wconf 89' lang='lat' dir='ltr'>tempore</span> <span class='ocrx_word' id='word_1_141' title='bbox 1181 1268 1332 1318; x_wconf 84' lang='lat' dir='ltr'>equites</span> <span class='ocrx_word' id='word_1_142' title='bbox 1353 1268 1541 1306; x_wconf 87' lang='lat' dir='ltr'>Germani</span> 
     </span>
     <span class='ocr_line' id='line_1_19' title="bbox 213 1332 1541 1387; baseline -0.004 -11"><span class='ocrx_word' id='word_1_143' title='bbox 213 1337 377 1387; x_wconf 87' lang='lat' dir='ltr'>dispersi</span> <span class='ocrx_word' id='word_1_144' title='bbox 398 1337 498 1375; x_wconf 85' lang='lat' dir='ltr'>vada</span> <span class='ocrx_word' id='word_1_145' title='bbox 521 1334 693 1373; x_wconf 89' lang='lat' dir='ltr'>fluminis</span> <span class='ocrx_word' id='word_1_146' title='bbox 721 1342 951 1384; x_wconf 88' lang='lat' dir='ltr'>quaerentes</span> <span class='ocrx_word' id='word_1_147' title='bbox 973 1333 1111 1383; x_wconf 89' lang='lat' dir='ltr'>partim</span> <span class='ocrx_word' id='word_1_148' title='bbox 1133 1332 1428 1372; x_wconf 88' lang='lat' dir='ltr'>demissioribus</span> <span class='ocrx_word' id='word_1_149' title='bbox 1449 1333 1541 1383; x_wconf 89' lang='lat' dir='ltr'>ripis</span> 
     </span>
     <span class='ocr_line' id='line_1_20' title="bbox 214 1397 1537 1449; baseline -0.003 -9"><span class='ocrx_word' id='word_1_150' title='bbox 214 1403 360 1440; x_wconf 86' lang='lat' dir='ltr'>flumen</span> <span class='ocrx_word' id='word_1_151' title='bbox 401 1408 609 1447; x_wconf 88' lang='lat' dir='ltr'>tranarunt‚</span> <span class='ocrx_word' id='word_1_152' title='bbox 647 1408 684 1438; x_wconf 89' lang='lat' dir='ltr'>et</span> <span class='ocrx_word' id='word_1_153' title='bbox 718 1399 919 1449; x_wconf 83' lang='lat' dir='ltr'>legionarii</span> <span class='ocrx_word' id='word_1_154' title='bbox 960 1398 1109 1448; x_wconf 82' lang='lat' dir='ltr'>magnis</span> <span class='ocrx_word' id='word_1_155' title='bbox 1147 1398 1351 1436; x_wconf 86' lang='lat' dir='ltr'>arboribus</span> <span class='ocrx_word' id='word_1_156' title='bbox 1389 1397 1537 1444; x_wconf 77' lang='lat' dir='ltr'>excisis,</span> 
     </span>
     <span class='ocr_line' id='line_1_21' title="bbox 215 1461 1542 1517; baseline -0.004 -12"><span class='ocrx_word' id='word_1_157' title='bbox 215 1481 314 1517; x_wconf 87' lang='lat' dir='ltr'>quae</span> <span class='ocrx_word' id='word_1_158' title='bbox 336 1466 581 1516; x_wconf 80' lang='lat' dir='ltr'>longitudine</span> <span class='ocrx_word' id='word_1_159' title='bbox 606 1472 811 1513; x_wconf 89' lang='lat' dir='ltr'>utramque</span> <span class='ocrx_word' id='word_1_160' title='bbox 836 1463 959 1513; x_wconf 89' lang='lat' dir='ltr'>ripam</span> <span class='ocrx_word' id='word_1_161' title='bbox 984 1462 1265 1512; x_wconf 84' lang='lat' dir='ltr'>contingerent,</span> <span class='ocrx_word' id='word_1_162' title='bbox 1288 1461 1470 1512; x_wconf 87' lang='lat' dir='ltr'>proiectis</span> <span class='ocrx_word' id='word_1_163' title='bbox 1490 1463 1542 1500; x_wconf 78' lang='lat' dir='ltr'>eis</span> 
     </span>
     <span class='ocr_line' id='line_1_22' title="bbox 175 1526 1540 1581; baseline -0.004 -13"><span class='ocrx_word' id='word_1_164' title='bbox 175 1549 192 1580; x_wconf 83' lang='lat'>5</span> <span class='ocrx_word' id='word_1_165' title='bbox 214 1531 496 1581; x_wconf 87' lang='lat' dir='ltr'>repentinoque</span> <span class='ocrx_word' id='word_1_166' title='bbox 525 1543 662 1579; x_wconf 80' lang='lat' dir='ltr'>aggere</span> <span class='ocrx_word' id='word_1_167' title='bbox 697 1528 841 1566; x_wconf 87' lang='lat' dir='ltr'>iniecto</span> <span class='ocrx_word' id='word_1_168' title='bbox 876 1529 1023 1565; x_wconf 90' lang='lat' dir='ltr'>flumen</span> <span class='ocrx_word' id='word_1_169' title='bbox 1057 1526 1298 1564; x_wconf 88' lang='lat' dir='ltr'>transierunt.</span> <span class='ocrx_word' id='word_1_170' title='bbox 1360 1528 1540 1574; x_wconf 85' lang='lat' dir='ltr'>Quorum</span> 
     </span>
     <span class='ocr_line' id='line_1_23' title="bbox 214 1590 1541 1646; baseline -0.004 -13"><span class='ocrx_word' id='word_1_171' title='bbox 214 1596 404 1646; x_wconf 90' lang='lat' dir='ltr'>impetum</span> <span class='ocrx_word' id='word_1_172' title='bbox 425 1596 525 1633; x_wconf 89' lang='lat' dir='ltr'>adeo</span> <span class='ocrx_word' id='word_1_173' title='bbox 545 1592 829 1643; x_wconf 88' lang='lat' dir='ltr'>pertimuerunt</span> <span class='ocrx_word' id='word_1_174' title='bbox 856 1593 989 1630; x_wconf 89' lang='lat' dir='ltr'>hostes</span> <span class='ocrx_word' id='word_1_175' title='bbox 1017 1598 1058 1629; x_wconf 89' lang='lat' dir='ltr'>ut</span> <span class='ocrx_word' id='word_1_176' title='bbox 1082 1591 1121 1628; x_wconf 88' lang='lat' dir='ltr'>in</span> <span class='ocrx_word' id='word_1_177' title='bbox 1151 1592 1241 1641; x_wconf 84' lang='lat' dir='ltr'>fuga</span> <span class='ocrx_word' id='word_1_178' title='bbox 1267 1604 1377 1641; x_wconf 88' lang='lat' dir='ltr'>spem</span> <span class='ocrx_word' id='word_1_179' title='bbox 1407 1590 1541 1628; x_wconf 90' lang='lat' dir='ltr'>salutis</span> 
     </span>
     <span class='ocr_line' id='line_1_24' title="bbox 213 1655 1542 1707; baseline -0.005 -7"><span class='ocrx_word' id='word_1_180' title='bbox 213 1663 449 1700; x_wconf 86' lang='lat' dir='ltr'>collocarent</span> <span class='ocrx_word' id='word_1_181' title='bbox 464 1675 474 1707; x_wconf 76' lang='lat'><em>3</em></span> <span class='ocrx_word' id='word_1_182' title='bbox 515 1659 584 1697; x_wconf 87' lang='lat' dir='ltr'>sed</span> <span class='ocrx_word' id='word_1_183' title='bbox 613 1657 654 1696; x_wconf 91' lang='lat' dir='ltr'>id</span> <span class='ocrx_word' id='word_1_184' title='bbox 681 1658 842 1695; x_wconf 88' lang='lat' dir='ltr'>frustra:</span> <span class='ocrx_word' id='word_1_185' title='bbox 885 1671 1056 1706; x_wconf 88' lang='lat' dir='ltr'>namque</span> <span class='ocrx_word' id='word_1_186' title='bbox 1086 1671 1133 1695; x_wconf 84' lang='lat' dir='ltr'>ex</span> <span class='ocrx_word' id='word_1_187' title='bbox 1163 1670 1210 1695; x_wconf 86' lang='lat' dir='ltr'>ea</span> <span class='ocrx_word' id='word_1_188' title='bbox 1232 1658 1322 1707; x_wconf 84' lang='lat' dir='ltr'>fuga</span> <span class='ocrx_word' id='word_1_189' title='bbox 1345 1655 1460 1706; x_wconf 88' lang='lat' dir='ltr'>pauci</span> <span class='ocrx_word' id='word_1_190' title='bbox 1491 1657 1542 1694; x_wconf 87' lang='lat' dir='ltr'>ad</span> 
     </span>
     <span class='ocr_line' id='line_1_25' title="bbox 212 1721 1538 1776; baseline -0.006 -11"><span class='ocrx_word' id='word_1_191' title='bbox 212 1740 341 1776; x_wconf 78' lang='lat' dir='ltr'>regem</span> <span class='ocrx_word' id='word_1_192' title='bbox 363 1726 585 1774; x_wconf 84' lang='lat' dir='ltr'>refugerunt</span> <span class='ocrx_word' id='word_1_193' title='bbox 605 1736 730 1773; x_wconf 89' lang='lat' dir='ltr'>paene</span> <span class='ocrx_word' id='word_1_194' title='bbox 753 1721 861 1760; x_wconf 89' lang='lat' dir='ltr'>omni</span> <span class='ocrx_word' id='word_1_195' title='bbox 883 1721 1031 1771; x_wconf 87' lang='lat' dir='ltr'>reliqua</span> <span class='ocrx_word' id='word_1_196' title='bbox 1056 1722 1306 1761; x_wconf 90' lang='lat' dir='ltr'>multitudine</span> <span class='ocrx_word' id='word_1_197' title='bbox 1326 1721 1538 1760; x_wconf 89' lang='lat' dir='ltr'>interfecta.</span> 
     </span>
     <span class='ocr_line' id='line_1_26' title="bbox 137 1787 1540 1839; baseline -0.006 -8"><span class='ocrx_word' id='word_1_198' title='bbox 137 1803 192 1839; x_wconf 92' lang='lat'>30</span> <span class='ocrx_word' id='word_1_199' title='bbox 267 1792 410 1830; x_wconf 89' lang='lat' dir='ltr'>Caesar</span> <span class='ocrx_word' id='word_1_200' title='bbox 434 1803 473 1827; x_wconf 89' lang='lat' dir='ltr'>re</span> <span class='ocrx_word' id='word_1_201' title='bbox 499 1787 805 1838; x_wconf 83' lang='lat' dir='ltr'>praeclarissime</span> <span class='ocrx_word' id='word_1_202' title='bbox 841 1795 958 1837; x_wconf 83' lang='lat' dir='ltr'>gesta,</span> <span class='ocrx_word' id='word_1_203' title='bbox 994 1801 1083 1826; x_wconf 89' lang='lat' dir='ltr'>cum</span> <span class='ocrx_word' id='word_1_204' title='bbox 1120 1788 1293 1826; x_wconf 91' lang='lat' dir='ltr'>subitum</span> <span class='ocrx_word' id='word_1_205' title='bbox 1326 1788 1540 1826; x_wconf 86' lang='lat' dir='ltr'>adventum</span> 
     </span>
     <span class='ocr_line' id='line_1_27' title="bbox 212 1853 1540 1904; baseline -0.002 -11"><span class='ocrx_word' id='word_1_206' title='bbox 212 1869 325 1893; x_wconf 88' lang='lat' dir='ltr'>suum</span> <span class='ocrx_word' id='word_1_207' title='bbox 353 1854 542 1893; x_wconf 85' lang='lat' dir='ltr'>iudicaret</span> <span class='ocrx_word' id='word_1_208' title='bbox 567 1868 753 1904; x_wconf 81' lang='lat' dir='ltr'>magnum</span> <span class='ocrx_word' id='word_1_209' title='bbox 780 1863 963 1895; x_wconf 89' lang='lat' dir='ltr'>terrorem</span> <span class='ocrx_word' id='word_1_210' title='bbox 994 1855 1267 1895; x_wconf 84' lang='lat' dir='ltr'>Alexandrinis</span> <span class='ocrx_word' id='word_1_211' title='bbox 1294 1853 1540 1898; x_wconf 88' lang='lat' dir='ltr'>iniecturum,</span> 
     </span>
     <span class='ocr_line' id='line_1_28' title="bbox 178 1919 1542 1972; baseline -0.001 -15"><span class='ocrx_word' id='word_1_212' title='bbox 178 1941 191 1961; x_wconf 86' lang='lat'><strong>2</strong></span> <span class='ocrx_word' id='word_1_213' title='bbox 212 1919 388 1969; x_wconf 88' lang='lat' dir='ltr'>protinus</span> <span class='ocrx_word' id='word_1_214' title='bbox 422 1920 544 1958; x_wconf 90' lang='lat' dir='ltr'>victor</span> <span class='ocrx_word' id='word_1_215' title='bbox 574 1921 625 1958; x_wconf 87' lang='lat' dir='ltr'>ad</span> <span class='ocrx_word' id='word_1_216' title='bbox 658 1929 783 1959; x_wconf 87' lang='lat' dir='ltr'>castra</span> <span class='ocrx_word' id='word_1_217' title='bbox 814 1922 912 1972; x_wconf 85' lang='lat' dir='ltr'>regis</span> <span class='ocrx_word' id='word_1_218' title='bbox 946 1922 1151 1972; x_wconf 85' lang='lat' dir='ltr'>pertendit.</span> <span class='ocrx_word' id='word_1_219' title='bbox 1224 1922 1337 1958; x_wconf 86' lang='lat' dir='ltr'>Haec</span> <span class='ocrx_word' id='word_1_220' title='bbox 1375 1932 1465 1957; x_wconf 90' lang='lat' dir='ltr'>cum</span> <span class='ocrx_word' id='word_1_221' title='bbox 1504 1925 1542 1957; x_wconf 87' lang='lat' dir='ltr'>et</span> 
     </span>
     <span class='ocr_line' id='line_1_29' title="bbox 212 1985 1543 2034; baseline -0.002 -11"><span class='ocrx_word' id='word_1_222' title='bbox 212 1998 329 2034; x_wconf 89' lang='lat' dir='ltr'>opere</span> <span class='ocrx_word' id='word_1_223' title='bbox 359 1998 501 2034; x_wconf 81' lang='lat' dir='ltr'>magno</span> <span class='ocrx_word' id='word_1_224' title='bbox 528 1987 668 2024; x_wconf 87' lang='lat' dir='ltr'>vallata</span> <span class='ocrx_word' id='word_1_225' title='bbox 698 1994 735 2025; x_wconf 92' lang='lat' dir='ltr'>et</span> <span class='ocrx_word' id='word_1_226' title='bbox 765 1987 840 2026; x_wconf 90' lang='lat' dir='ltr'>loci</span> <span class='ocrx_word' id='word_1_227' title='bbox 872 1995 1009 2026; x_wconf 88' lang='lat' dir='ltr'>natura</span> <span class='ocrx_word' id='word_1_228' title='bbox 1040 1986 1190 2025; x_wconf 87' lang='lat' dir='ltr'>munita</span> <span class='ocrx_word' id='word_1_229' title='bbox 1217 1985 1543 2024; x_wconf 87' lang='lat' dir='ltr'>animadverteret</span> 
     </span>
     <span class='ocr_line' id='line_1_30' title="bbox 212 2048 1542 2099; baseline -0.002 -11"><span class='ocrx_word' id='word_1_230' title='bbox 212 2051 507 2099; x_wconf 88' lang='lat' dir='ltr'>confertamque</span> <span class='ocrx_word' id='word_1_231' title='bbox 533 2059 770 2091; x_wconf 86' lang='lat' dir='ltr'>armatorum</span> <span class='ocrx_word' id='word_1_232' title='bbox 799 2051 1091 2090; x_wconf 90' lang='lat' dir='ltr'>multitudinem</span> <span class='ocrx_word' id='word_1_233' title='bbox 1119 2052 1351 2090; x_wconf 90' lang='lat' dir='ltr'>collocatam</span> <span class='ocrx_word' id='word_1_234' title='bbox 1375 2048 1415 2086; x_wconf 93' lang='lat' dir='ltr'>in</span> <span class='ocrx_word' id='word_1_235' title='bbox 1439 2049 1542 2086; x_wconf 82' lang='lat' dir='ltr'>vallo</span> 
     </span>
    </p>
   </div>
   <div class='ocr_carea' id='block_1_3' title="bbox 1565 831 1600 852">
    <p class='ocr_par' dir='ltr' id='par_1_3' title="bbox 1565 831 1600 852">
     <span class='ocr_line' id='line_1_31' title="bbox 1565 831 1600 852; baseline -0.029 0"><span class='ocrx_word' id='word_1_236' title='bbox 1565 831 1600 852; x_wconf 87' lang='lat'>10</span> 
     </span>
    </p>
   </div>
   <div class='ocr_carea' id='block_1_4' title="bbox 1563 1477 1601 1499">
    <p class='ocr_par' dir='ltr' id='par_1_4' title="bbox 1563 1477 1601 1499">
     <span class='ocr_line' id='line_1_32' title="bbox 1563 1477 1601 1499; baseline -0.026 0"><span class='ocrx_word' id='word_1_237' title='bbox 1563 1477 1601 1499; x_wconf 87' lang='lat'>20</span> 
     </span>
    </p>
   </div>
   <div class='ocr_carea' id='block_1_5' title="bbox 212 2114 1603 2167">
    <p class='ocr_par' dir='ltr' id='par_1_5' title="bbox 212 2114 1603 2167">
     <span class='ocr_line' id='line_1_33' title="bbox 212 2114 1603 2167; baseline 0.002 -16"><span class='ocrx_word' id='word_1_238' title='bbox 212 2114 370 2161; x_wconf 80' lang='lat' dir='ltr'>videret,</span> <span class='ocrx_word' id='word_1_239' title='bbox 394 2117 515 2155; x_wconf 87' lang='lat' dir='ltr'>lassos</span> <span class='ocrx_word' id='word_1_240' title='bbox 542 2117 678 2155; x_wconf 92' lang='lat' dir='ltr'>itinere</span> <span class='ocrx_word' id='word_1_241' title='bbox 704 2131 749 2155; x_wconf 93' lang='lat' dir='ltr'>ac</span> <span class='ocrx_word' id='word_1_242' title='bbox 775 2116 1005 2167; x_wconf 87' lang='lat' dir='ltr'>proeliando</span> <span class='ocrx_word' id='word_1_243' title='bbox 1036 2116 1176 2155; x_wconf 90' lang='lat' dir='ltr'>milites</span> <span class='ocrx_word' id='word_1_244' title='bbox 1200 2117 1251 2154; x_wconf 91' lang='lat' dir='ltr'>ad</span> <span class='ocrx_word' id='word_1_245' title='bbox 1275 2114 1542 2165; x_wconf 82' lang='lat' dir='ltr'>oppugnanda</span> <span class='ocrx_word' id='word_1_246' title='bbox 1562 2123 1603 2154; x_wconf 79' lang='lat'>30</span> 
     </span>
    </p>
   </div>
   <div class='ocr_carea' id='block_1_6' title="bbox 212 2180 1542 2231">
    <p class='ocr_par' dir='ltr' id='par_1_6' title="bbox 212 2180 1542 2231">
     <span class='ocr_line' id='line_1_34' title="bbox 212 2180 1542 2231; baseline -0.002 -13"><span class='ocrx_word' id='word_1_247' title='bbox 212 2188 336 2218; x_wconf 87' lang='lat' dir='ltr'>castra</span> <span class='ocrx_word' id='word_1_248' title='bbox 368 2183 579 2220; x_wconf 88' lang='lat' dir='ltr'>succedere</span> <span class='ocrx_word' id='word_1_249' title='bbox 607 2181 742 2220; x_wconf 89' lang='lat' dir='ltr'>noluit.</span> <span class='ocrx_word' id='word_1_250' title='bbox 804 2183 943 2231; x_wconf 88' lang='lat' dir='ltr'>Itaque</span> <span class='ocrx_word' id='word_1_251' title='bbox 974 2195 1054 2220; x_wconf 94' lang='lat' dir='ltr'>non</span> <span class='ocrx_word' id='word_1_252' title='bbox 1084 2194 1227 2231; x_wconf 82' lang='lat' dir='ltr'>magno</span> <span class='ocrx_word' id='word_1_253' title='bbox 1256 2180 1459 2218; x_wconf 88' lang='lat' dir='ltr'>intervallo</span> <span class='ocrx_word' id='word_1_254' title='bbox 1488 2192 1542 2216; x_wconf 90' lang='lat' dir='ltr'>re-</span> 
     </span>
    </p>
   </div>
   <div class='ocr_carea' id='block_1_7' title="bbox 213 2283 1546 2409">
    <p class='ocr_par' dir='ltr' id='par_1_7' title="bbox 213 2283 1546 2409">
     <span class='ocr_line' id='line_1_35' title="bbox 256 2283 1541 2323; baseline -0.003 -7"><span class='ocrx_word' id='word_1_255' title='bbox 256 2297 274 2316; x_wconf 84' lang='lat'><strong>2</strong></span> <span class='ocrx_word' id='word_1_256' title='bbox 300 2285 511 2316; x_wconf 84' lang='lat' dir='ltr'>Consederat</span> <span class='ocrx_word' id='word_1_257' title='bbox 533 2285 580 2316; x_wconf 89' lang='lat' dir='ltr'>U:</span> <span class='ocrx_word' id='word_1_258' title='bbox 607 2286 798 2315; x_wconf 84' lang='lat' dir='ltr'>considerat</span> <span class='ocrx_word' id='word_1_259' title='bbox 816 2288 878 2316; x_wconf 73' lang='lat' dir='ltr'>cell.</span> <span class='ocrx_word' id='word_1_260' title='bbox 1034 2295 1052 2322; x_wconf 91' lang='lat'>4</span> <span class='ocrx_word' id='word_1_261' title='bbox 1077 2294 1204 2323; x_wconf 87' lang='lat' dir='ltr'>genere</span> <span class='ocrx_word' id='word_1_262' title='bbox 1220 2283 1253 2314; x_wconf 86' lang='lat' dir='ltr'><em>E</em></span> <span class='ocrx_word' id='word_1_263' title='bbox 1268 2283 1314 2314; x_wconf 81' lang='lat' dir='ltr'>ed.</span> <span class='ocrx_word' id='word_1_264' title='bbox 1331 2288 1407 2323; x_wconf 61' lang='lat' dir='ltr'>pn:</span> <span class='ocrx_word' id='word_1_265' title='bbox 1440 2292 1541 2321; x_wconf 85' lang='lat' dir='ltr'>gene-</span> 
     </span>
     <span class='ocr_line' id='line_1_36' title="bbox 213 2324 1540 2368; baseline -0.003 -9"><span class='ocrx_word' id='word_1_266' title='bbox 213 2340 286 2360; x_wconf 89' lang='lat' dir='ltr'>rum</span> <span class='ocrx_word' id='word_1_267' title='bbox 304 2333 366 2359; x_wconf 77' lang='lat' dir='ltr'><em>cett.</em></span> <span class='ocrx_word' id='word_1_268' title='bbox 498 2339 535 2368; x_wconf 88' lang='lat'>17</span> <span class='ocrx_word' id='word_1_269' title='bbox 562 2333 751 2358; x_wconf 83' lang='lat' dir='ltr'>certaretur</span> <span class='ocrx_word' id='word_1_270' title='bbox 768 2329 829 2358; x_wconf 82' lang='lat' dir='ltr'>EL</span> <span class='ocrx_word' id='word_1_271' title='bbox 844 2340 850 2358; x_wconf 76' lang='lat' dir='ltr'>t</span> <span class='ocrx_word' id='word_1_272' title='bbox 885 2329 1098 2366; x_wconf 69' lang='lat' dir='ltr'>certarentur</span> <span class='ocrx_word' id='word_1_273' title='bbox 1120 2327 1164 2357; x_wconf 89' lang='lat' dir='ltr'>T:</span> <span class='ocrx_word' id='word_1_274' title='bbox 1191 2331 1405 2357; x_wconf 87' lang='lat' dir='ltr'>certarentur</span> <span class='ocrx_word' id='word_1_275' title='bbox 1421 2324 1540 2356; x_wconf 82' lang='lat' dir='ltr'><em>DUV:</em></span> 
     </span>
     <span class='ocr_line' id='line_1_37' title="bbox 213 2368 1546 2409; baseline -0.003 -6"><span class='ocrx_word' id='word_1_276' title='bbox 213 2377 386 2403; x_wconf 84' lang='lat' dir='ltr'>certarent</span> <span class='ocrx_word' id='word_1_277' title='bbox 411 2372 444 2401; x_wconf 90' lang='lat' dir='ltr'><em>F</em></span> <span class='ocrx_word' id='word_1_278' title='bbox 552 2373 590 2402; x_wconf 88' lang='lat'>18</span> <span class='ocrx_word' id='word_1_279' title='bbox 616 2372 762 2401; x_wconf 82' lang='lat' dir='ltr'>fluminis</span> <span class='ocrx_word' id='word_1_280' title='bbox 779 2371 846 2401; x_wconf 75' lang='lat' dir='ltr'>E6:</span> <span class='ocrx_word' id='word_1_281' title='bbox 882 2372 1054 2401; x_wconf 79' lang='lat' dir='ltr'>fluminum</span> <span class='ocrx_word' id='word_1_282' title='bbox 1079 2369 1117 2400; x_wconf 87' lang='lat' dir='ltr'><em>X</em></span> <span class='ocrx_word' id='word_1_283' title='bbox 1219 2381 1261 2400; x_wconf 81' lang='lat'>20</span> <span class='ocrx_word' id='word_1_284' title='bbox 1285 2374 1318 2400; x_wconf 87' lang='lat' dir='ltr'>et</span> <span class='ocrx_word' id='word_1_285' title='bbox 1336 2369 1496 2409; x_wconf 84' lang='lat' dir='ltr'>proiectis</span> <span class='ocrx_word' id='word_1_286' title='bbox 1512 2368 1546 2398; x_wconf 89' lang='lat' dir='ltr'><em>E</em></span> 
     </span>
    </p>
   </div>
   <div class='ocr_carea' id='block_1_8' title="bbox 213 2414 1111 2455">
    <p class='ocr_par' dir='ltr' id='par_1_8' title="bbox 213 2414 1111 2455">
     <span class='ocr_line' id='line_1_38' title="bbox 213 2414 1111 2455; baseline -0.002 -9"><span class='ocrx_word' id='word_1_287' title='bbox 213 2416 265 2446; x_wconf 85' lang='lat' dir='ltr'>eis</span> <span class='ocrx_word' id='word_1_288' title='bbox 282 2415 355 2446; x_wconf 78' lang='lat' dir='ltr'>add.</span> <span class='ocrx_word' id='word_1_289' title='bbox 378 2414 557 2455; x_wconf 73' lang='lat' dir='ltr'>Nipperdey</span> <span class='ocrx_word' id='word_1_290' title='bbox 665 2424 704 2452; x_wconf 84' lang='lat'>25</span> <span class='ocrx_word' id='word_1_291' title='bbox 731 2414 998 2453; x_wconf 82' lang='lat' dir='ltr'>praeclarissima</span> <span class='ocrx_word' id='word_1_292' title='bbox 1016 2424 1050 2444; x_wconf 87' lang='lat' dir='ltr'>re</span> <span class='ocrx_word' id='word_1_293' title='bbox 1071 2414 1111 2444; x_wconf 88' lang='lat' dir='ltr'>U‘</span> 
     </span>
    </p>
   </div>
  </div>
 </body>
</html>
