1705 2729
575 105 617 141 C.
653 104 768 141 IVLI
801 103 1070 142 CAESARIS

161 228 292 265 pugna
311 216 411 254 vitae
428 215 643 265 periculum
660 215 865 262 accideret,
885 228 963 254 non
981 215 1033 254 ita
1054 217 1177 254 multo
1194 229 1234 255 se
1250 215 1486 267 reliquorum
1537 234 1540 239 ¹

162 280 304 318 civium
340 282 461 319 fatum
496 282 729 319 antecedere
764 280 1037 328 existimarent,
1071 281 1214 330 quibus
1248 282 1343 321 urbe
1374 290 1488 332 capta

125 362 140 383 2
162 346 300 383 eadem
335 352 436 383 esset
469 344 560 383 belli
596 346 750 383 fortuna
784 345 977 394 patienda.
1053 345 1314 395 Diductisque
1347 345 1487 384 nostris

161 409 347 459 paulatim
388 409 551 447 navibus
591 417 628 447 et
666 408 829 446 artificio
867 409 1171 458 gubernatorum
1210 417 1248 447 et
1282 409 1488 448 mobilitati

163 473 317 511 navium
340 475 449 511 locus
474 474 640 512 dabatur
664 481 701 511 et
728 473 759 511 si
789 474 949 522 quando
980 473 1100 511 nostri
1131 475 1353 511 facultatem
1384 473 1487 512 nacti

161 537 290 576 ferreis
325 537 507 576 manibus
541 537 692 576 iniectis
727 551 865 576 navem
901 536 1164 586 religaverant,
1200 537 1375 587 undique
1409 537 1487 575 suis

124 602 428 644 alahorantibus
463 603 751 640 succurrebant.
812 604 953 651 Neque
987 615 1078 640 vero
1111 601 1310 640 coniuncti
1339 601 1487 640 Albicis

160 667 381 705 comminus
412 668 626 717 pugnando
660 666 897 705 deficiebant
928 679 1057 716 neque
1091 668 1258 704 multum
1293 667 1487 705 cedebant

160 733 299 770 virtute
334 731 483 770 nostris.
545 731 669 769 Simul
708 745 754 769 ex
793 731 1009 769 minoribus
1048 730 1212 769 navibus
1252 743 1393 780 magna
1430 730 1486 768 vis

160 797 312 836 eminus
345 797 462 835 missa
495 798 661 835 telorum
697 798 818 834 multa
853 796 992 834 nostris
1023 797 1073 834 de
1103 795 1315 846 improviso
1348 795 1487 845 impru-

121 874 140 904 4
161 861 345 901 dentibus
371 869 490 911 atque
514 861 713 911 impeditis
741 862 900 899 vulnera
924 861 1151 899 inferebant.
1212 859 1488 910 Conspicatae-

161 941 237 977 que
269 940 386 965 naves
416 926 589 965 triremes
620 927 721 965 duae
750 939 890 964 navem
923 928 969 963 D.
996 925 1113 972 Bruti,
1144 938 1243 975 quae
1273 938 1319 962 ex
1348 923 1487 974 insigni

160 991 272 1030 facile
310 991 468 1041 agnosci
508 999 670 1041 poterat,
711 992 865 1030 duabus
908 1004 954 1029 ex
988 990 1161 1040 partibus
1200 1003 1284 1028 sese
1323 988 1362 1026 in
1400 1002 1487 1027 eam

161 1055 423 1094 incitaverant.
484 1057 562 1094 Sed
584 1063 735 1094 tantum
758 1069 797 1094 re
818 1055 971 1105 provisa
993 1057 1134 1093 Brutus
1159 1054 1355 1094 celeritate
1379 1053 1488 1092 navis

122 1120 290 1163 5enisus
339 1128 396 1159 est
441 1128 482 1159 ut
521 1134 640 1171 parvo
680 1128 883 1159 momento
920 1121 1178 1158 antecederet.
1253 1120 1349 1158 Illae
1386 1119 1488 1157 adeo

159 1185 322 1234 graviter
354 1185 452 1223 inter
486 1198 527 1223 se
561 1184 743 1224 incitatae
778 1185 1035 1223 conflixerunt
1069 1192 1111 1223 ut
1145 1183 1488 1223 vehementissime

159 1257 322 1299 utraque
343 1263 388 1288 ex
409 1262 603 1288 concursu
624 1250 854 1296 laborarent,
878 1251 996 1287 altera
1017 1262 1108 1288 vero
1127 1250 1342 1298 praefracto
1363 1255 1488 1287 rostro

159 1321 240 1352 tota
271 1315 543 1353 collabefieret.
605 1315 696 1363 Qua
727 1328 765 1352 re
795 1314 1065 1352 animadversa
1094 1327 1195 1364 quae
1224 1313 1422 1363 proximae
1451 1313 1487 1351 ei

159 1379 247 1416 loco
275 1392 320 1416 ex
342 1378 450 1416 Bruti
476 1380 598 1417 classe
627 1392 743 1417 naves
771 1386 879 1416 erant
905 1378 943 1416 in
971 1392 1035 1417 eas
1060 1378 1267 1428 impeditas
1294 1377 1486 1427 impetum

159 1442 306 1481 faciunt
326 1443 579 1492 celeriterque
600 1444 735 1481 ambas
757 1443 990 1493 deprimunt.

116 1517 138 1556 7
213 1509 290 1546 Sed
334 1508 572 1546 Nasidianae
612 1521 729 1546 naves
768 1509 876 1546 nullo
914 1508 1000 1547 usui
1040 1509 1195 1547 fuerunt
1233 1507 1486 1557 celeriterque

160 1586 289 1622 pugna
316 1581 563 1611 excesserunt
579 1588 588 1620 ,-
628 1587 708 1612 non
740 1573 844 1612 enim
877 1575 946 1612 has
977 1581 1043 1612 aut
1075 1580 1310 1623 conspectus
1341 1573 1486 1623 patriae

158 1645 224 1675 aut
254 1637 564 1687 propinquorum
592 1645 799 1688 praecepta
824 1639 875 1676 ad
900 1646 1115 1676 extremum
1142 1638 1243 1676 vitae
1270 1638 1485 1688 periculum

125 1718 138 1738 2
159 1702 265 1741 adire
296 1703 499 1752 cogebant.
572 1704 711 1752 Itaque
743 1717 788 1742 ex
820 1717 867 1741 eo
899 1716 1063 1741 numero
1094 1703 1251 1741 navium
1286 1705 1392 1742 nulla
1422 1704 1486 1742 de-

160 1767 327 1806 siderata
347 1775 429 1815 est3
459 1782 505 1806 ex
528 1767 833 1807 Massiliensium
863 1770 986 1807 classe
1012 1775 1151 1816 vvisunt
1179 1769 1396 1818 depressae,
1420 1781 1482 1806 1111

158 1840 305 1882 captae,
328 1845 405 1870 una
421 1845 510 1870 cum
528 1832 755 1871 Nasidianis
777 1832 945 1882 profugit
992 1846 1093 1882 quae
1113 1835 1251 1871 omnes
1267 1832 1483 1871 citeriorem

123 1909 140 1939 3
160 1897 393 1947 Hispaniam
420 1897 648 1946 petiverunt.
709 1900 761 1935 At
786 1911 831 1935 ex
859 1897 1015 1947 reliquis
1042 1911 1119 1935 una
1144 1897 1354 1947 praemissa
1382 1899 1485 1935 Mas-

159 1961 282 1999 siliam
300 1961 414 1999 huius
436 1961 547 1999 nunti
565 1961 783 2011 perferendi
804 1962 925 2011 gratia
946 1975 1035 1999 cum
1058 1961 1133 1999 iam
1154 1961 1483 2011 appropinquaret

158 2025 254 2072 urbi,
282 2025 409 2063 omnis
437 2039 521 2065 sese
547 2026 758 2065 multitudo
781 2027 831 2064 ad
862 2027 1182 2075 cognoscendum
1213 2025 1349 2064 effudit
1379 2033 1415 2063 et
1445 2039 1483 2063 re

205 2137 216 2157 Ι
244 2128 411 2158 accideret
436 2127 486 2157 E:
521 2128 675 2158 accidere
698 2127 751 2157 D:
785 2128 951 2158 acciderat
975 2129 997 2161 β
1151 2138 1169 2165 4
1195 2131 1227 2157 et
1246 2130 1319 2156 aazia
1341 2127 1483 2157 artificio

157 2182 222 2201 om.
240 2171 283 2200 D‘
453 2176 486 2201 et
504 2175 579 2201 ante
594 2171 768 2201 mobilitati
794 2170 868 2201 add.
891 2170 935 2200 L²
1103 2171 1124 2200 6
1148 2170 1259 2200 navim
1283 2169 1318 2199 T‘
1465 2180 1481 2208 7

158 2224 238 2244 vero
257 2237 263 2245 .
282 2239 287 2245 .
309 2240 314 2245 .
334 2215 354 2243 8
367 2225 476 2253 neque
495 2225 560 2244 om.
578 2213 622 2243 D'
710 2213 836 2244 Albicis
853 2212 906 2243 X:
932 2212 1041 2244 Albici
1059 2213 1172 2243 Heller
1257 2214 1276 2243 8
1301 2214 1484 2252 pugnando

164 2258 218 2287 T‘:
245 2268 358 2297 pugna
377 2258 435 2287 L':
462 2257 536 2289 add.
557 2257 721 2287 inferebat
741 2257 944 2288 Vascosmms
1097 2267 1133 2286 12
1159 2255 1295 2296 navem]
1314 2257 1424 2286 navim
1449 2255 1484 2286 T'

157 2301 278 2339 insigni
293 2302 360 2331 Δδ;
387 2301 455 2339 igni
474 2304 537 2331 cell.
648 2311 684 2338 14
711 2305 804 2331 tanta
822 2300 866 2329 D*
981 2310 1017 2339 15
1041 2300 1270 2340 enisuslusus
1288 2299 1331 2329 D'
1442 2310 1479 2330 21

159 2345 226 2374 Sed
244 2343 331 2374 codd.
348 2355 353 2373 :
382 2344 535 2374 Sedecim
553 2343 742 2383 Hoffimmn
833 2343 912 2373 nulli
933 2344 959 2373 L

1510 807 1547 829 10

1510 1131 1547 1164 ¹5

1509 1460 1550 1482 20

1506 1779 1543 1811 ²5
