<?xml version="1.0" encoding="UTF-8"?>
<!DOCTYPE html PUBLIC "-//W3C//DTD XHTML 1.0 Transitional//EN"
    "http://www.w3.org/TR/xhtml1/DTD/xhtml1-transitional.dtd">
<html xmlns="http://www.w3.org/1999/xhtml" xml:lang="en" lang="en">
 <head>
  <title>
</title>
<meta http-equiv="Content-Type" content="text/html;charset=utf-8" />
  <meta name='ocr-system' content='tesseract 3.04.00' />
  <meta name='ocr-capabilities' content='ocr_page ocr_carea ocr_par ocr_line ocrx_word'/>
</head>
<body>
  <div class='ocr_page' id='page_1' title='image "./commentariorumpa02caesuoft_0033.png"; bbox 0 0 1705 2729; ppageno 0'>
   <div class='ocr_carea' id='block_1_1' title="bbox 97 503 113 534">
    <p class='ocr_par' dir='ltr' id='par_1_1' title="bbox 97 503 113 534">
     <span class='ocr_line' id='line_1_1' title="bbox 97 503 113 534; baseline 0 0"><span class='ocrx_word' id='word_1_1' title='bbox 97 503 113 534; x_wconf 85' lang='lat'>5</span> 
     </span>
    </p>
   </div>
   <div class='ocr_carea' id='block_1_2' title="bbox 77 829 113 850">
    <p class='ocr_par' dir='ltr' id='par_1_2' title="bbox 77 829 113 850">
     <span class='ocr_line' id='line_1_2' title="bbox 77 829 113 850; baseline 0 0"><span class='ocrx_word' id='word_1_2' title='bbox 77 829 113 850; x_wconf 90' lang='lat'>10</span> 
     </span>
    </p>
   </div>
   <div class='ocr_carea' id='block_1_3' title="bbox 73 1476 112 1498">
    <p class='ocr_par' dir='ltr' id='par_1_3' title="bbox 73 1476 112 1498">
     <span class='ocr_line' id='line_1_3' title="bbox 73 1476 112 1498; baseline 0 0"><span class='ocrx_word' id='word_1_3' title='bbox 73 1476 112 1498; x_wconf 92' lang='lat'>20</span> 
     </span>
    </p>
   </div>
   <div class='ocr_carea' id='block_1_4' title="bbox 71 1794 106 1824">
    <p class='ocr_par' dir='ltr' id='par_1_4' title="bbox 71 1794 106 1824">
     <span class='ocr_line' id='line_1_4' title="bbox 71 1794 106 1824; baseline 0 0"><span class='ocrx_word' id='word_1_4' title='bbox 71 1794 106 1824; x_wconf 83' lang='lat'>25</span> 
     </span>
    </p>
   </div>
   <div class='ocr_carea' id='block_1_5' title="bbox 456 127 1132 165">
    <p class='ocr_par' dir='ltr' id='par_1_5' title="bbox 456 127 1132 165">
     <span class='ocr_line' id='line_1_5' title="bbox 456 127 1132 165; baseline -0.003 0"><span class='ocrx_word' id='word_1_5' title='bbox 456 128 528 165; x_wconf 93' lang='lat' dir='ltr'>DE</span> <span class='ocrx_word' id='word_1_6' title='bbox 560 127 740 165; x_wconf 89' lang='lat' dir='ltr'>BELLO</span> <span class='ocrx_word' id='word_1_7' title='bbox 770 127 947 165; x_wconf 85' lang='lat' dir='ltr'>CIVILI</span> <span class='ocrx_word' id='word_1_8' title='bbox 980 128 1081 164; x_wconf 88' lang='lat' dir='ltr'>LIB.</span> <span class='ocrx_word' id='word_1_9' title='bbox 1116 129 1132 164; x_wconf 92' lang='lat' dir='ltr'>I</span> 
     </span>
    </p>
   </div>
   <div class='ocr_carea' id='block_1_6' title="bbox 126 236 1525 2096">
    <p class='ocr_par' dir='ltr' id='par_1_6' title="bbox 130 236 1525 1191">
     <span class='ocr_line' id='line_1_6' title="bbox 192 236 1525 287; baseline 0 -11"><span class='ocrx_word' id='word_1_10' title='bbox 192 240 283 287; x_wconf 81' lang='lat' dir='ltr'>Quo</span> <span class='ocrx_word' id='word_1_11' title='bbox 321 251 410 275; x_wconf 88' lang='lat' dir='ltr'>cum</span> <span class='ocrx_word' id='word_1_12' title='bbox 445 237 623 282; x_wconf 88' lang='lat' dir='ltr'>venisset,</span> <span class='ocrx_word' id='word_1_13' title='bbox 661 236 861 286; x_wconf 76' lang='lat' dir='ltr'>cognoscit</span> <span class='ocrx_word' id='word_1_14' title='bbox 894 236 1055 274; x_wconf 86' lang='lat' dir='ltr'>missum</span> <span class='ocrx_word' id='word_1_15' title='bbox 1091 239 1130 275; x_wconf 79' lang='lat' dir='ltr'>in</span> <span class='ocrx_word' id='word_1_16' title='bbox 1161 239 1398 287; x_wconf 73' lang='lat' dir='ltr'>ffi&#39;spam‘am</span> <span class='ocrx_word' id='word_1_17' title='bbox 1432 247 1525 287; x_wconf 78' lang='lat' dir='ltr'>a34</span> 
     </span>
     <span class='ocr_line' id='line_1_7' title="bbox 138 300 1454 352; baseline 0 -11"><span class='ocrx_word' id='word_1_18' title='bbox 138 301 327 352; x_wconf 89' lang='lat' dir='ltr'>Pompeio</span> <span class='ocrx_word' id='word_1_19' title='bbox 347 301 564 339; x_wconf 84' lang='lat' dir='ltr'>Vibullium</span> <span class='ocrx_word' id='word_1_20' title='bbox 597 302 757 347; x_wconf 90' lang='lat' dir='ltr'>Rufum,</span> <span class='ocrx_word' id='word_1_21' title='bbox 781 314 899 350; x_wconf 88' lang='lat' dir='ltr'>quem</span> <span class='ocrx_word' id='word_1_22' title='bbox 921 300 1055 350; x_wconf 82' lang='lat' dir='ltr'>paucis</span> <span class='ocrx_word' id='word_1_23' title='bbox 1080 308 1171 340; x_wconf 86' lang='lat' dir='ltr'>ante</span> <span class='ocrx_word' id='word_1_24' title='bbox 1196 302 1335 340; x_wconf 88' lang='lat' dir='ltr'>diebus</span> <span class='ocrx_word' id='word_1_25' title='bbox 1361 303 1454 341; x_wconf 91' lang='lat' dir='ltr'>Cor-</span> 
     </span>
     <span class='ocr_line' id='line_1_8' title="bbox 135 365 1490 416; baseline 0.001 -12"><span class='ocrx_word' id='word_1_26' title='bbox 135 367 229 405; x_wconf 88' lang='lat' dir='ltr'>finio</span> <span class='ocrx_word' id='word_1_27' title='bbox 255 374 412 416; x_wconf 90' lang='lat' dir='ltr'>captum</span> <span class='ocrx_word' id='word_1_28' title='bbox 440 366 522 416; x_wconf 89' lang='lat' dir='ltr'>ipse</span> <span class='ocrx_word' id='word_1_29' title='bbox 547 365 745 404; x_wconf 77' lang='lat' dir='ltr'>dimiserat</span> <span class='ocrx_word' id='word_1_30' title='bbox 760 380 770 413; x_wconf 86' lang='lat'>,·</span> <span class='ocrx_word' id='word_1_31' title='bbox 799 367 1016 415; x_wconf 87' lang='lat' dir='ltr'>profectum</span> <span class='ocrx_word' id='word_1_32' title='bbox 1043 366 1136 404; x_wconf 89' lang='lat' dir='ltr'>item</span> <span class='ocrx_word' id='word_1_33' title='bbox 1160 366 1379 405; x_wconf 89' lang='lat' dir='ltr'>Domitium</span> <span class='ocrx_word' id='word_1_34' title='bbox 1404 368 1454 406; x_wconf 88' lang='lat' dir='ltr'>ad</span> <span class='ocrx_word' id='word_1_35' title='bbox 1476 386 1490 407; x_wconf 88' lang='lat'><strong>2</strong></span> 
     </span>
     <span class='ocr_line' id='line_1_9' title="bbox 134 431 1455 482; baseline -0.001 -12"><span class='ocrx_word' id='word_1_36' title='bbox 134 434 405 482; x_wconf 79' lang='lat' dir='ltr'>occupandam</span> <span class='ocrx_word' id='word_1_37' title='bbox 436 431 652 469; x_wconf 81' lang='lat' dir='ltr'>Massiliam</span> <span class='ocrx_word' id='word_1_38' title='bbox 683 431 847 469; x_wconf 85' lang='lat' dir='ltr'>navibus</span> <span class='ocrx_word' id='word_1_39' title='bbox 876 431 1056 469; x_wconf 82' lang='lat' dir='ltr'>actuariis</span> <span class='ocrx_word' id='word_1_40' title='bbox 1081 443 1149 478; x_wconf 80' lang='lat' dir='ltr'>vn,</span> <span class='ocrx_word' id='word_1_41' title='bbox 1173 445 1269 481; x_wconf 89' lang='lat' dir='ltr'>quas</span> <span class='ocrx_word' id='word_1_42' title='bbox 1302 431 1387 481; x_wconf 85' lang='lat' dir='ltr'>Igili</span> <span class='ocrx_word' id='word_1_43' title='bbox 1418 440 1455 470; x_wconf 89' lang='lat' dir='ltr'>et</span> 
     </span>
     <span class='ocr_line' id='line_1_10' title="bbox 134 495 1454 544; baseline -0.001 -10"><span class='ocrx_word' id='word_1_44' title='bbox 134 496 172 534; x_wconf 90' lang='lat' dir='ltr'>in</span> <span class='ocrx_word' id='word_1_45' title='bbox 205 497 362 535; x_wconf 79' lang='lat' dir='ltr'>Cosano</span> <span class='ocrx_word' id='word_1_46' title='bbox 396 509 418 533; x_wconf 87' lang='lat' dir='ltr'>a</span> <span class='ocrx_word' id='word_1_47' title='bbox 452 495 608 544; x_wconf 84' lang='lat' dir='ltr'>privatis</span> <span class='ocrx_word' id='word_1_48' title='bbox 649 503 803 533; x_wconf 88' lang='lat' dir='ltr'>coactas</span> <span class='ocrx_word' id='word_1_49' title='bbox 842 495 971 541; x_wconf 86' lang='lat' dir='ltr'>servis,</span> <span class='ocrx_word' id='word_1_50' title='bbox 1004 495 1161 542; x_wconf 83' lang='lat' dir='ltr'>libertis,</span> <span class='ocrx_word' id='word_1_51' title='bbox 1196 495 1346 534; x_wconf 93' lang='lat' dir='ltr'>colonis</span> <span class='ocrx_word' id='word_1_52' title='bbox 1376 495 1454 533; x_wconf 90' lang='lat' dir='ltr'>suis</span> 
     </span>
     <span class='ocr_line' id='line_1_11' title="bbox 133 559 1492 609; baseline -0.001 -11"><span class='ocrx_word' id='word_1_53' title='bbox 133 562 417 609; x_wconf 75' lang='lat' dir='ltr'>compleverat,</span> <span class='ocrx_word' id='word_1_54' title='bbox 447 559 680 609; x_wconf 90' lang='lat' dir='ltr'>praemissos</span> <span class='ocrx_word' id='word_1_55' title='bbox 702 560 817 597; x_wconf 90' lang='lat' dir='ltr'>etiam</span> <span class='ocrx_word' id='word_1_56' title='bbox 840 561 986 609; x_wconf 83' lang='lat' dir='ltr'>legatos</span> <span class='ocrx_word' id='word_1_57' title='bbox 1005 560 1260 598; x_wconf 74' lang='lat' dir='ltr'>Massiliensis</span> <span class='ocrx_word' id='word_1_58' title='bbox 1277 561 1452 607; x_wconf 91' lang='lat' dir='ltr'>domum,</span> <span class='ocrx_word' id='word_1_59' title='bbox 1475 577 1492 607; x_wconf 73' lang='lat'>3,</span> 
     </span>
     <span class='ocr_line' id='line_1_12' title="bbox 133 623 1454 674; baseline 0.001 -13"><span class='ocrx_word' id='word_1_60' title='bbox 133 623 274 662; x_wconf 89' lang='lat' dir='ltr'>nobilis</span> <span class='ocrx_word' id='word_1_61' title='bbox 298 623 570 670; x_wconf 89' lang='lat' dir='ltr'>adulescentis,</span> <span class='ocrx_word' id='word_1_62' title='bbox 595 637 694 673; x_wconf 91' lang='lat' dir='ltr'>quos</span> <span class='ocrx_word' id='word_1_63' title='bbox 718 624 768 661; x_wconf 86' lang='lat' dir='ltr'>ab</span> <span class='ocrx_word' id='word_1_64' title='bbox 789 624 884 662; x_wconf 91' lang='lat' dir='ltr'>urbe</span> <span class='ocrx_word' id='word_1_65' title='bbox 909 623 1116 662; x_wconf 86' lang='lat' dir='ltr'>discedens</span> <span class='ocrx_word' id='word_1_66' title='bbox 1140 623 1351 674; x_wconf 90' lang='lat' dir='ltr'>Pompeius</span> <span class='ocrx_word' id='word_1_67' title='bbox 1376 632 1454 663; x_wconf 87' lang='lat' dir='ltr'>erat</span> 
     </span>
     <span class='ocr_line' id='line_1_13' title="bbox 132 687 1455 727; baseline 0 -1"><span class='ocrx_word' id='word_1_68' title='bbox 132 689 359 726; x_wconf 82' lang='lat' dir='ltr'>adhortatus</span> <span class='ocrx_word' id='word_1_69' title='bbox 389 702 438 726; x_wconf 92' lang='lat' dir='ltr'>ne</span> <span class='ocrx_word' id='word_1_70' title='bbox 468 701 569 726; x_wconf 85' lang='lat' dir='ltr'>nova</span> <span class='ocrx_word' id='word_1_71' title='bbox 599 687 777 726; x_wconf 84' lang='lat' dir='ltr'>Caesaris</span> <span class='ocrx_word' id='word_1_72' title='bbox 802 687 928 726; x_wconf 86' lang='lat' dir='ltr'>officia</span> <span class='ocrx_word' id='word_1_73' title='bbox 955 695 1128 726; x_wconf 90' lang='lat' dir='ltr'>veterum</span> <span class='ocrx_word' id='word_1_74' title='bbox 1157 701 1315 726; x_wconf 89' lang='lat' dir='ltr'>suorum</span> <span class='ocrx_word' id='word_1_75' title='bbox 1340 689 1455 727; x_wconf 89' lang='lat' dir='ltr'>bene-</span> 
     </span>
     <span class='ocr_line' id='line_1_14' title="bbox 132 752 1493 802; baseline 0.001 -12"><span class='ocrx_word' id='word_1_76' title='bbox 132 752 308 790; x_wconf 87' lang='lat' dir='ltr'>ficiorum</span> <span class='ocrx_word' id='word_1_77' title='bbox 340 753 378 790; x_wconf 90' lang='lat' dir='ltr'>in</span> <span class='ocrx_word' id='word_1_78' title='bbox 409 766 475 791; x_wconf 91' lang='lat' dir='ltr'>eos</span> <span class='ocrx_word' id='word_1_79' title='bbox 506 752 736 791; x_wconf 89' lang='lat' dir='ltr'>memoriam</span> <span class='ocrx_word' id='word_1_80' title='bbox 766 754 1011 802; x_wconf 85' lang='lat' dir='ltr'>expellerent.</span> <span class='ocrx_word' id='word_1_81' title='bbox 1073 753 1227 801; x_wconf 88' lang='lat' dir='ltr'>Quibus</span> <span class='ocrx_word' id='word_1_82' title='bbox 1261 754 1454 792; x_wconf 89' lang='lat' dir='ltr'>mandatis</span> <span class='ocrx_word' id='word_1_83' title='bbox 1474 770 1493 799; x_wconf 83' lang='lat'><strong>4</strong></span> 
     </span>
     <span class='ocr_line' id='line_1_15' title="bbox 131 817 1452 866; baseline 0.001 -11"><span class='ocrx_word' id='word_1_84' title='bbox 131 817 301 866; x_wconf 90' lang='lat' dir='ltr'>acceptis</span> <span class='ocrx_word' id='word_1_85' title='bbox 337 817 603 855; x_wconf 85' lang='lat' dir='ltr'>Massilienses</span> <span class='ocrx_word' id='word_1_86' title='bbox 637 825 768 866; x_wconf 87' lang='lat' dir='ltr'>portas</span> <span class='ocrx_word' id='word_1_87' title='bbox 804 817 960 856; x_wconf 88' lang='lat' dir='ltr'>Caesari</span> <span class='ocrx_word' id='word_1_88' title='bbox 996 818 1237 865; x_wconf 73' lang='lat' dir='ltr'>clauserant,</span> <span class='ocrx_word' id='word_1_89' title='bbox 1279 818 1452 864; x_wconf 85' lang='lat' dir='ltr'>Albicos,</span> 
     </span>
     <span class='ocr_line' id='line_1_16' title="bbox 132 881 1455 932; baseline 0.001 -13"><span class='ocrx_word' id='word_1_90' title='bbox 132 882 315 920; x_wconf 85' lang='lat' dir='ltr'>barbaros</span> <span class='ocrx_word' id='word_1_91' title='bbox 337 881 527 929; x_wconf 84' lang='lat' dir='ltr'>homines,</span> <span class='ocrx_word' id='word_1_92' title='bbox 550 882 615 932; x_wconf 91' lang='lat' dir='ltr'>qui</span> <span class='ocrx_word' id='word_1_93' title='bbox 641 882 680 920; x_wconf 90' lang='lat' dir='ltr'>in</span> <span class='ocrx_word' id='word_1_94' title='bbox 708 895 842 920; x_wconf 89' lang='lat' dir='ltr'>eorum</span> <span class='ocrx_word' id='word_1_95' title='bbox 871 883 948 920; x_wconf 90' lang='lat' dir='ltr'>fide</span> <span class='ocrx_word' id='word_1_96' title='bbox 974 881 1187 931; x_wconf 87' lang='lat' dir='ltr'>antiquitus</span> <span class='ocrx_word' id='word_1_97' title='bbox 1212 890 1320 920; x_wconf 87' lang='lat' dir='ltr'>erant</span> <span class='ocrx_word' id='word_1_98' title='bbox 1347 896 1455 920; x_wconf 89' lang='lat' dir='ltr'>mon-</span> 
     </span>
     <span class='ocr_line' id='line_1_17' title="bbox 130 947 1490 997; baseline -0.001 -12"><span class='ocrx_word' id='word_1_99' title='bbox 130 947 257 996; x_wconf 83' lang='lat' dir='ltr'>tisque</span> <span class='ocrx_word' id='word_1_100' title='bbox 287 961 402 997; x_wconf 89' lang='lat' dir='ltr'>supra</span> <span class='ocrx_word' id='word_1_101' title='bbox 433 947 649 985; x_wconf 87' lang='lat' dir='ltr'>Massiliam</span> <span class='ocrx_word' id='word_1_102' title='bbox 679 947 916 994; x_wconf 83' lang='lat' dir='ltr'>incolebant,</span> <span class='ocrx_word' id='word_1_103' title='bbox 938 948 989 984; x_wconf 85' lang='lat' dir='ltr'>ad</span> <span class='ocrx_word' id='word_1_104' title='bbox 1019 960 1059 984; x_wconf 91' lang='lat' dir='ltr'>se</span> <span class='ocrx_word' id='word_1_105' title='bbox 1089 955 1349 994; x_wconf 75' lang='lat' dir='ltr'>vocaverant3</span> <span class='ocrx_word' id='word_1_106' title='bbox 1383 949 1455 985; x_wconf 88' lang='lat' dir='ltr'>fru-</span> <span class='ocrx_word' id='word_1_107' title='bbox 1474 964 1490 994; x_wconf 83' lang='lat'>5</span> 
     </span>
     <span class='ocr_line' id='line_1_18' title="bbox 131 1012 1453 1061; baseline 0 -12"><span class='ocrx_word' id='word_1_108' title='bbox 131 1020 307 1050; x_wconf 89' lang='lat' dir='ltr'>mentum</span> <span class='ocrx_word' id='word_1_109' title='bbox 339 1026 384 1050; x_wconf 82' lang='lat' dir='ltr'>ex</span> <span class='ocrx_word' id='word_1_110' title='bbox 414 1012 588 1050; x_wconf 88' lang='lat' dir='ltr'>finitimis</span> <span class='ocrx_word' id='word_1_111' title='bbox 619 1012 842 1061; x_wconf 81' lang='lat' dir='ltr'>regionibus</span> <span class='ocrx_word' id='word_1_112' title='bbox 869 1019 987 1061; x_wconf 90' lang='lat' dir='ltr'>atque</span> <span class='ocrx_word' id='word_1_113' title='bbox 1008 1025 1054 1049; x_wconf 77' lang='lat' dir='ltr'>ex</span> <span class='ocrx_word' id='word_1_114' title='bbox 1075 1012 1258 1050; x_wconf 89' lang='lat' dir='ltr'>omnibus</span> <span class='ocrx_word' id='word_1_115' title='bbox 1287 1012 1453 1050; x_wconf 86' lang='lat' dir='ltr'>castellis</span> 
     </span>
     <span class='ocr_line' id='line_1_19' title="bbox 130 1075 1450 1123; baseline 0.001 -10"><span class='ocrx_word' id='word_1_116' title='bbox 130 1076 169 1113; x_wconf 88' lang='lat' dir='ltr'>in</span> <span class='ocrx_word' id='word_1_117' title='bbox 186 1077 322 1115; x_wconf 90' lang='lat' dir='ltr'>urbem</span> <span class='ocrx_word' id='word_1_118' title='bbox 339 1084 610 1123; x_wconf 82' lang='lat' dir='ltr'>convexerant,</span> <span class='ocrx_word' id='word_1_119' title='bbox 625 1090 821 1114; x_wconf 87' lang='lat' dir='ltr'>armorum</span> <span class='ocrx_word' id='word_1_120' title='bbox 839 1076 1013 1114; x_wconf 88' lang='lat' dir='ltr'>officinas</span> <span class='ocrx_word' id='word_1_121' title='bbox 1026 1075 1065 1114; x_wconf 89' lang='lat' dir='ltr'>in</span> <span class='ocrx_word' id='word_1_122' title='bbox 1082 1077 1177 1114; x_wconf 91' lang='lat' dir='ltr'>urbe</span> <span class='ocrx_word' id='word_1_123' title='bbox 1194 1076 1450 1123; x_wconf 88' lang='lat' dir='ltr'>instituerant,</span> 
     </span>
     <span class='ocr_line' id='line_1_20' title="bbox 130 1132 880 1191; baseline 0 -13"><span class='ocrx_word' id='word_1_124' title='bbox 130 1132 273 1188; x_wconf 87' lang='lat' dir='ltr'>muros,</span> <span class='ocrx_word' id='word_1_125' title='bbox 296 1149 437 1191; x_wconf 88' lang='lat' dir='ltr'>portas,</span> <span class='ocrx_word' id='word_1_126' title='bbox 460 1143 622 1179; x_wconf 87' lang='lat' dir='ltr'>classem</span> <span class='ocrx_word' id='word_1_127' title='bbox 644 1141 880 1179; x_wconf 81' lang='lat' dir='ltr'>reficiebant.</span> 
     </span>
    </p>

    <p class='ocr_par' dir='ltr' id='par_1_7' title="bbox 126 1205 1520 2096">
     <span class='ocr_line' id='line_1_21' title="bbox 184 1205 1520 1257; baseline 0.001 -14"><span class='ocrx_word' id='word_1_128' title='bbox 184 1208 333 1244; x_wconf 86' lang='lat' dir='ltr'>Evocat</span> <span class='ocrx_word' id='word_1_129' title='bbox 359 1208 410 1244; x_wconf 89' lang='lat' dir='ltr'>ad</span> <span class='ocrx_word' id='word_1_130' title='bbox 437 1219 477 1244; x_wconf 89' lang='lat' dir='ltr'>se</span> <span class='ocrx_word' id='word_1_131' title='bbox 503 1207 646 1245; x_wconf 87' lang='lat' dir='ltr'>Caesar</span> <span class='ocrx_word' id='word_1_132' title='bbox 669 1205 843 1243; x_wconf 87' lang='lat' dir='ltr'>Massilia</span> <span class='ocrx_word' id='word_1_133' title='bbox 864 1218 918 1243; x_wconf 81' lang='lat' dir='ltr'>xv</span> <span class='ocrx_word' id='word_1_134' title='bbox 940 1206 1094 1255; x_wconf 89' lang='lat' dir='ltr'>primos.</span> <span class='ocrx_word' id='word_1_135' title='bbox 1156 1207 1258 1245; x_wconf 89' lang='lat' dir='ltr'>Cum</span> <span class='ocrx_word' id='word_1_136' title='bbox 1286 1206 1346 1245; x_wconf 86' lang='lat' dir='ltr'>his</span> <span class='ocrx_word' id='word_1_137' title='bbox 1372 1206 1449 1257; x_wconf 82' lang='lat' dir='ltr'>agit</span> <span class='ocrx_word' id='word_1_138' title='bbox 1469 1212 1520 1252; x_wconf 87' lang='grc'>35</span> 
     </span>
     <span class='ocr_line' id='line_1_22' title="bbox 130 1269 1450 1317; baseline 0.002 -10"><span class='ocrx_word' id='word_1_139' title='bbox 130 1283 179 1308; x_wconf 92' lang='lat' dir='ltr'>ne</span> <span class='ocrx_word' id='word_1_140' title='bbox 199 1269 351 1308; x_wconf 91' lang='lat' dir='ltr'>initium</span> <span class='ocrx_word' id='word_1_141' title='bbox 373 1270 564 1308; x_wconf 90' lang='lat' dir='ltr'>inferendi</span> <span class='ocrx_word' id='word_1_142' title='bbox 586 1270 677 1308; x_wconf 89' lang='lat' dir='ltr'>belli</span> <span class='ocrx_word' id='word_1_143' title='bbox 698 1270 748 1308; x_wconf 90' lang='lat' dir='ltr'>ab</span> <span class='ocrx_word' id='word_1_144' title='bbox 773 1269 1084 1308; x_wconf 84' lang='lat' dir='ltr'>Massiliensibus</span> <span class='ocrx_word' id='word_1_145' title='bbox 1110 1270 1277 1317; x_wconf 72' lang='lat' dir='ltr'>oriatur,</span> <span class='ocrx_word' id='word_1_146' title='bbox 1307 1271 1450 1309; x_wconf 89' lang='lat' dir='ltr'>debere</span> 
     </span>
     <span class='ocr_line' id='line_1_23' title="bbox 130 1334 1451 1385; baseline 0.001 -13"><span class='ocrx_word' id='word_1_147' title='bbox 130 1347 196 1372; x_wconf 92' lang='lat' dir='ltr'>eos</span> <span class='ocrx_word' id='word_1_148' title='bbox 237 1335 372 1373; x_wconf 89' lang='lat' dir='ltr'>Italiae</span> <span class='ocrx_word' id='word_1_149' title='bbox 403 1334 521 1373; x_wconf 89' lang='lat' dir='ltr'>totius</span> <span class='ocrx_word' id='word_1_150' title='bbox 561 1334 832 1372; x_wconf 88' lang='lat' dir='ltr'>auctoritatem</span> <span class='ocrx_word' id='word_1_151' title='bbox 869 1335 978 1384; x_wconf 90' lang='lat' dir='ltr'>sequi</span> <span class='ocrx_word' id='word_1_152' title='bbox 1015 1335 1143 1384; x_wconf 90' lang='lat' dir='ltr'>potius</span> <span class='ocrx_word' id='word_1_153' title='bbox 1179 1349 1296 1385; x_wconf 89' lang='lat' dir='ltr'>quam</span> <span class='ocrx_word' id='word_1_154' title='bbox 1337 1336 1451 1373; x_wconf 89' lang='lat' dir='ltr'>unius</span> 
     </span>
     <span class='ocr_line' id='line_1_24' title="bbox 130 1398 1487 1449; baseline 0.002 -13"><span class='ocrx_word' id='word_1_155' title='bbox 130 1398 300 1437; x_wconf 87' lang='lat' dir='ltr'>hominis</span> <span class='ocrx_word' id='word_1_156' title='bbox 331 1399 521 1438; x_wconf 90' lang='lat' dir='ltr'>voluntati</span> <span class='ocrx_word' id='word_1_157' title='bbox 553 1400 833 1449; x_wconf 89' lang='lat' dir='ltr'>obtemperare.</span> <span class='ocrx_word' id='word_1_158' title='bbox 896 1400 1063 1449; x_wconf 84' lang='lat' dir='ltr'>Reliqua</span> <span class='ocrx_word' id='word_1_159' title='bbox 1096 1413 1196 1449; x_wconf 90' lang='lat' dir='ltr'>quae</span> <span class='ocrx_word' id='word_1_160' title='bbox 1230 1402 1280 1439; x_wconf 89' lang='lat' dir='ltr'>ad</span> <span class='ocrx_word' id='word_1_161' title='bbox 1315 1414 1450 1439; x_wconf 89' lang='lat' dir='ltr'>eorum</span> <span class='ocrx_word' id='word_1_162' title='bbox 1473 1412 1487 1433; x_wconf 88' lang='lat'><strong>2</strong></span> 
     </span>
     <span class='ocr_line' id='line_1_25' title="bbox 130 1463 1489 1513; baseline 0.001 -12"><span class='ocrx_word' id='word_1_163' title='bbox 130 1465 323 1502; x_wconf 90' lang='lat' dir='ltr'>sanandas</span> <span class='ocrx_word' id='word_1_164' title='bbox 344 1464 485 1502; x_wconf 89' lang='lat' dir='ltr'>mentis</span> <span class='ocrx_word' id='word_1_165' title='bbox 506 1463 698 1513; x_wconf 89' lang='lat' dir='ltr'>pertinere</span> <span class='ocrx_word' id='word_1_166' title='bbox 713 1464 970 1502; x_wconf 88' lang='lat' dir='ltr'>arbitrabatur</span> <span class='ocrx_word' id='word_1_167' title='bbox 985 1472 1277 1502; x_wconf 89' lang='lat' dir='ltr'>commemorat.</span> <span class='ocrx_word' id='word_1_168' title='bbox 1328 1465 1451 1503; x_wconf 86' lang='lat' dir='ltr'>Cuius</span> <span class='ocrx_word' id='word_1_169' title='bbox 1472 1479 1489 1509; x_wconf 78' lang='lat'>3</span> 
     </span>
     <span class='ocr_line' id='line_1_26' title="bbox 130 1528 1452 1579; baseline 0.002 -13"><span class='ocrx_word' id='word_1_170' title='bbox 130 1528 345 1567; x_wconf 89' lang='lat' dir='ltr'>orationem</span> <span class='ocrx_word' id='word_1_171' title='bbox 372 1528 486 1578; x_wconf 82' lang='lat' dir='ltr'>legati</span> <span class='ocrx_word' id='word_1_172' title='bbox 511 1530 674 1567; x_wconf 88' lang='lat' dir='ltr'>domum</span> <span class='ocrx_word' id='word_1_173' title='bbox 702 1531 871 1567; x_wconf 88' lang='lat' dir='ltr'>referunt</span> <span class='ocrx_word' id='word_1_174' title='bbox 898 1537 1015 1579; x_wconf 87' lang='lat' dir='ltr'>atque</span> <span class='ocrx_word' id='word_1_175' title='bbox 1043 1543 1089 1567; x_wconf 79' lang='lat' dir='ltr'>ex</span> <span class='ocrx_word' id='word_1_176' title='bbox 1114 1535 1266 1567; x_wconf 71' lang='lat' dir='ltr'>senatus</span> <span class='ocrx_word' id='word_1_177' title='bbox 1289 1530 1452 1568; x_wconf 85' lang='lat' dir='ltr'>auctori-</span> 
     </span>
     <span class='ocr_line' id='line_1_27' title="bbox 129 1593 1450 1644; baseline 0.002 -14"><span class='ocrx_word' id='word_1_178' title='bbox 129 1600 206 1631; x_wconf 88' lang='lat' dir='ltr'>tate</span> <span class='ocrx_word' id='word_1_179' title='bbox 237 1594 334 1632; x_wconf 90' lang='lat' dir='ltr'>haec</span> <span class='ocrx_word' id='word_1_180' title='bbox 368 1594 525 1633; x_wconf 86' lang='lat' dir='ltr'>Caesari</span> <span class='ocrx_word' id='word_1_181' title='bbox 557 1593 804 1632; x_wconf 87' lang='lat' dir='ltr'>renuntiant:</span> <span class='ocrx_word' id='word_1_182' title='bbox 839 1594 1061 1644; x_wconf 81' lang='lat' dir='ltr'>intellegere</span> <span class='ocrx_word' id='word_1_183' title='bbox 1093 1608 1133 1633; x_wconf 93' lang='lat' dir='ltr'>se</span> <span class='ocrx_word' id='word_1_184' title='bbox 1166 1595 1333 1633; x_wconf 87' lang='lat' dir='ltr'>divisum</span> <span class='ocrx_word' id='word_1_185' title='bbox 1366 1609 1450 1634; x_wconf 88' lang='lat' dir='ltr'>esse</span> 
     </span>
     <span class='ocr_line' id='line_1_28' title="bbox 128 1657 1450 1709; baseline 0.002 -14"><span class='ocrx_word' id='word_1_186' title='bbox 128 1659 318 1706; x_wconf 90' lang='lat' dir='ltr'>populum</span> <span class='ocrx_word' id='word_1_187' title='bbox 337 1660 558 1696; x_wconf 74' lang='lat' dir='ltr'>Romanum</span> <span class='ocrx_word' id='word_1_188' title='bbox 580 1657 618 1695; x_wconf 95' lang='lat' dir='ltr'>in</span> <span class='ocrx_word' id='word_1_189' title='bbox 639 1657 756 1707; x_wconf 87' lang='lat' dir='ltr'>partis</span> <span class='ocrx_word' id='word_1_190' title='bbox 777 1659 885 1696; x_wconf 86' lang='lat' dir='ltr'>duas.</span> <span class='ocrx_word' id='word_1_191' title='bbox 941 1660 1082 1708; x_wconf 81' lang='lat' dir='ltr'>Neque</span> <span class='ocrx_word' id='word_1_192' title='bbox 1103 1659 1161 1696; x_wconf 91' lang='lat' dir='ltr'>sui</span> <span class='ocrx_word' id='word_1_193' title='bbox 1182 1659 1301 1697; x_wconf 91' lang='lat' dir='ltr'>iudici</span> <span class='ocrx_word' id='word_1_194' title='bbox 1323 1673 1450 1709; x_wconf 92' lang='lat' dir='ltr'>neque</span> 
     </span>
     <span class='ocr_line' id='line_1_29' title="bbox 128 1722 1450 1772; baseline 0.002 -13"><span class='ocrx_word' id='word_1_195' title='bbox 128 1735 284 1760; x_wconf 85' lang='lat' dir='ltr'>suarum</span> <span class='ocrx_word' id='word_1_196' title='bbox 314 1736 398 1760; x_wconf 86' lang='lat' dir='ltr'>esse</span> <span class='ocrx_word' id='word_1_197' title='bbox 428 1722 565 1760; x_wconf 89' lang='lat' dir='ltr'>virium</span> <span class='ocrx_word' id='word_1_198' title='bbox 596 1722 825 1769; x_wconf 87' lang='lat' dir='ltr'>discernere,</span> <span class='ocrx_word' id='word_1_199' title='bbox 849 1730 933 1760; x_wconf 91' lang='lat' dir='ltr'>utra</span> <span class='ocrx_word' id='word_1_200' title='bbox 962 1736 1048 1772; x_wconf 87' lang='lat' dir='ltr'>pars</span> <span class='ocrx_word' id='word_1_201' title='bbox 1078 1723 1277 1762; x_wconf 86' lang='lat' dir='ltr'>iustiorem</span> <span class='ocrx_word' id='word_1_202' title='bbox 1308 1724 1450 1762; x_wconf 88' lang='lat' dir='ltr'>habeat</span> 
     </span>
     <span class='ocr_line' id='line_1_30' title="bbox 128 1786 1487 1839; baseline 0.002 -15"><span class='ocrx_word' id='word_1_203' title='bbox 128 1799 296 1825; x_wconf 88' lang='lat' dir='ltr'>causam.</span> <span class='ocrx_word' id='word_1_204' title='bbox 340 1787 538 1837; x_wconf 87' lang='lat' dir='ltr'>Principes</span> <span class='ocrx_word' id='word_1_205' title='bbox 555 1801 645 1825; x_wconf 87' lang='lat' dir='ltr'>vero</span> <span class='ocrx_word' id='word_1_206' title='bbox 667 1801 751 1825; x_wconf 87' lang='lat' dir='ltr'>esse</span> <span class='ocrx_word' id='word_1_207' title='bbox 771 1801 903 1825; x_wconf 89' lang='lat' dir='ltr'>earum</span> <span class='ocrx_word' id='word_1_208' title='bbox 924 1787 1090 1837; x_wconf 89' lang='lat' dir='ltr'>partium</span> <span class='ocrx_word' id='word_1_209' title='bbox 1109 1786 1197 1839; x_wconf 88' lang='lat' dir='ltr'>[Cn.</span> <span class='ocrx_word' id='word_1_210' title='bbox 1216 1789 1448 1839; x_wconf 87' lang='lat' dir='ltr'>Pompeium</span> <span class='ocrx_word' id='word_1_211' title='bbox 1468 1805 1487 1836; x_wconf 91' lang='lat'><strong>4</strong></span> 
     </span>
     <span class='ocr_line' id='line_1_31' title="bbox 127 1850 1448 1903; baseline 0.002 -15"><span class='ocrx_word' id='word_1_212' title='bbox 127 1858 164 1888; x_wconf 87' lang='lat' dir='ltr'>et</span> <span class='ocrx_word' id='word_1_213' title='bbox 199 1852 242 1889; x_wconf 92' lang='lat' dir='ltr'>C.</span> <span class='ocrx_word' id='word_1_214' title='bbox 280 1850 518 1903; x_wconf 88' lang='lat' dir='ltr'>Caesarem,]</span> <span class='ocrx_word' id='word_1_215' title='bbox 560 1860 744 1901; x_wconf 88' lang='lat' dir='ltr'>patronos</span> <span class='ocrx_word' id='word_1_216' title='bbox 784 1851 959 1898; x_wconf 87' lang='lat' dir='ltr'>civitatis,</span> <span class='ocrx_word' id='word_1_217' title='bbox 1001 1865 1166 1901; x_wconf 89' lang='lat' dir='ltr'>quorum</span> <span class='ocrx_word' id='word_1_218' title='bbox 1206 1854 1301 1891; x_wconf 84' lang='lat' dir='ltr'>alter</span> <span class='ocrx_word' id='word_1_219' title='bbox 1337 1867 1448 1903; x_wconf 84' lang='lat' dir='ltr'>agros</span> 
     </span>
     <span class='ocr_line' id='line_1_32' title="bbox 127 1916 1450 1966; baseline 0.003 -14"><span class='ocrx_word' id='word_1_220' title='bbox 127 1917 337 1953; x_wconf 78' lang='lat' dir='ltr'>Volcarum</span> <span class='ocrx_word' id='word_1_221' title='bbox 368 1917 691 1954; x_wconf 87' lang='lat' dir='ltr'>Arecomicorum</span> <span class='ocrx_word' id='word_1_222' title='bbox 717 1925 755 1955; x_wconf 90' lang='lat' dir='ltr'>et</span> <span class='ocrx_word' id='word_1_223' title='bbox 785 1916 1018 1955; x_wconf 82' lang='lat' dir='ltr'>Helviorum</span> <span class='ocrx_word' id='word_1_224' title='bbox 1040 1917 1196 1966; x_wconf 90' lang='lat' dir='ltr'>publice</span> <span class='ocrx_word' id='word_1_225' title='bbox 1217 1917 1271 1955; x_wconf 85' lang='lat' dir='ltr'>eis</span> <span class='ocrx_word' id='word_1_226' title='bbox 1292 1931 1450 1956; x_wconf 91' lang='lat' dir='ltr'>conces-</span> 
     </span>
     <span class='ocr_line' id='line_1_33' title="bbox 127 1979 1448 2032; baseline 0.002 -15"><span class='ocrx_word' id='word_1_227' title='bbox 127 1979 224 2025; x_wconf 86' lang='lat' dir='ltr'>serit,</span> <span class='ocrx_word' id='word_1_228' title='bbox 266 1981 361 2017; x_wconf 89' lang='lat' dir='ltr'>alter</span> <span class='ocrx_word' id='word_1_229' title='bbox 408 1981 511 2018; x_wconf 92' lang='lat' dir='ltr'>bello</span> <span class='ocrx_word' id='word_1_230' title='bbox 550 1980 673 2019; x_wconf 86' lang='lat' dir='ltr'>victos</span> <span class='ocrx_word' id='word_1_231' title='bbox 722 1983 867 2031; x_wconf 86' lang='lat' dir='ltr'>Sallyas</span> <span class='ocrx_word' id='word_1_232' title='bbox 915 1981 1130 2019; x_wconf 87' lang='lat' dir='ltr'>attribuerit</span> <span class='ocrx_word' id='word_1_233' title='bbox 1168 1982 1448 2032; x_wconf 82' lang='lat' dir='ltr'>vectigaliaque</span> 
     </span>
     <span class='ocr_line' id='line_1_34' title="bbox 126 2044 1484 2096; baseline 0.002 -15"><span class='ocrx_word' id='word_1_234' title='bbox 126 2044 281 2082; x_wconf 80' lang='lat' dir='ltr'>auxerit.</span> <span class='ocrx_word' id='word_1_235' title='bbox 342 2046 473 2093; x_wconf 85' lang='lat' dir='ltr'>Quare</span> <span class='ocrx_word' id='word_1_236' title='bbox 494 2045 651 2094; x_wconf 89' lang='lat' dir='ltr'>paribus</span> <span class='ocrx_word' id='word_1_237' title='bbox 672 2058 807 2083; x_wconf 87' lang='lat' dir='ltr'>eorum</span> <span class='ocrx_word' id='word_1_238' title='bbox 831 2045 1031 2083; x_wconf 85' lang='lat' dir='ltr'>beneficiis</span> <span class='ocrx_word' id='word_1_239' title='bbox 1057 2059 1188 2095; x_wconf 87' lang='lat' dir='ltr'>parem</span> <span class='ocrx_word' id='word_1_240' title='bbox 1219 2059 1259 2084; x_wconf 86' lang='lat' dir='ltr'>se</span> <span class='ocrx_word' id='word_1_241' title='bbox 1289 2059 1447 2096; x_wconf 92' lang='lat' dir='ltr'>quoque</span> <span class='ocrx_word' id='word_1_242' title='bbox 1467 2062 1484 2092; x_wconf 87' lang='lat'>5</span> 
     </span>
    </p>
   </div>
   <div class='ocr_carea' id='block_1_7' title="bbox 126 2146 1447 2436">
    <p class='ocr_par' dir='ltr' id='par_1_8' title="bbox 126 2146 1447 2436">
     <span class='ocr_line' id='line_1_35' title="bbox 174 2146 1446 2188; baseline 0.002 -13"><span class='ocrx_word' id='word_1_243' title='bbox 174 2156 185 2175; x_wconf 90' lang='lat'>1</span> <span class='ocrx_word' id='word_1_244' title='bbox 213 2147 245 2175; x_wconf 93' lang='lat' dir='ltr'>in</span> <span class='ocrx_word' id='word_1_245' title='bbox 266 2147 463 2185; x_wconf 88' lang='lat' dir='ltr'>Hispaniam</span> <span class='ocrx_word' id='word_1_246' title='bbox 482 2146 556 2177; x_wconf 78' lang='lat' dir='ltr'>add.</span> <span class='ocrx_word' id='word_1_247' title='bbox 577 2146 689 2176; x_wconf 73' lang='lat' dir='ltr'>Aldus</span> <span class='ocrx_word' id='word_1_248' title='bbox 789 2157 808 2185; x_wconf 82' lang='lat'>3</span> <span class='ocrx_word' id='word_1_249' title='bbox 835 2148 1018 2186; x_wconf 84' lang='lat' dir='ltr'>profectum</span> <span class='ocrx_word' id='word_1_250' title='bbox 1038 2147 1239 2178; x_wconf 69' lang='lat' dir='ltr'>Beroaldus:</span> <span class='ocrx_word' id='word_1_251' title='bbox 1266 2151 1287 2187; x_wconf 70' lang='grc' dir='ltr'>β</span> <span class='ocrx_word' id='word_1_252' title='bbox 1304 2148 1377 2187; x_wconf 86' lang='lat' dir='ltr'>(pre</span> <span class='ocrx_word' id='word_1_253' title='bbox 1399 2148 1446 2188; x_wconf 82' lang='lat' dir='ltr'>V)</span> 
     </span>
     <span class='ocr_line' id='line_1_36' title="bbox 127 2189 1446 2230; baseline 0.002 -12"><span class='ocrx_word' id='word_1_254' title='bbox 127 2189 249 2219; x_wconf 85' lang='lat' dir='ltr'>fectum</span> <span class='ocrx_word' id='word_1_255' title='bbox 266 2189 303 2218; x_wconf 83' lang='lat' dir='ltr'><em>X</em></span> <span class='ocrx_word' id='word_1_256' title='bbox 428 2200 446 2227; x_wconf 86' lang='lat'>4</span> <span class='ocrx_word' id='word_1_257' title='bbox 473 2190 546 2229; x_wconf 87' lang='lat' dir='ltr'>Igili</span> <span class='ocrx_word' id='word_1_258' title='bbox 567 2189 771 2221; x_wconf 78' lang='lat' dir='ltr'>Cz&#39;accom&#39;us:</span> <span class='ocrx_word' id='word_1_259' title='bbox 797 2191 890 2229; x_wconf 77' lang='lat' dir='ltr'>sigili</span> <span class='ocrx_word' id='word_1_260' title='bbox 909 2190 947 2220; x_wconf 85' lang='lat' dir='ltr'><em>X</em></span> <span class='ocrx_word' id='word_1_261' title='bbox 1072 2201 1090 2230; x_wconf 88' lang='lat'>5</span> <span class='ocrx_word' id='word_1_262' title='bbox 1115 2192 1248 2222; x_wconf 84' lang='lat' dir='ltr'>Cosano</span> <span class='ocrx_word' id='word_1_263' title='bbox 1271 2191 1446 2222; x_wconf 77' lang='lat' dir='ltr'>Victorius:</span> 
     </span>
     <span class='ocr_line' id='line_1_37' title="bbox 127 2231 1444 2272; baseline 0.002 -11"><span class='ocrx_word' id='word_1_264' title='bbox 127 2232 260 2262; x_wconf 82' lang='lat' dir='ltr'>Casono</span> <span class='ocrx_word' id='word_1_265' title='bbox 277 2231 315 2261; x_wconf 87' lang='lat' dir='ltr'><em>X</em></span> <span class='ocrx_word' id='word_1_266' title='bbox 446 2243 484 2272; x_wconf 84' lang='lat'>13</span> <span class='ocrx_word' id='word_1_267' title='bbox 510 2243 551 2263; x_wconf 87' lang='lat' dir='ltr'>ex</span> <span class='ocrx_word' id='word_1_268' title='bbox 570 2233 726 2264; x_wconf 88' lang='lat' dir='ltr'>omnibus</span> <span class='ocrx_word' id='word_1_269' title='bbox 744 2233 807 2263; x_wconf 80' lang='lat' dir='ltr'>D‘:</span> <span class='ocrx_word' id='word_1_270' title='bbox 834 2235 866 2263; x_wconf 91' lang='lat' dir='ltr'>in</span> <span class='ocrx_word' id='word_1_271' title='bbox 885 2235 1039 2265; x_wconf 85' lang='lat' dir='ltr'>omnibus</span> <span class='ocrx_word' id='word_1_272' title='bbox 1059 2234 1184 2266; x_wconf 79' lang='lat' dir='ltr'><strong><em>LUT‘:</em></strong></span> <span class='ocrx_word' id='word_1_273' title='bbox 1210 2246 1273 2266; x_wconf 85' lang='lat' dir='ltr'>om.</span> <span class='ocrx_word' id='word_1_274' title='bbox 1293 2234 1326 2264; x_wconf 89' lang='lat' dir='ltr'><em>F</em></span> <span class='ocrx_word' id='word_1_275' title='bbox 1407 2245 1444 2264; x_wconf 86' lang='lat'>21</span> 
     </span>
     <span class='ocr_line' id='line_1_38' title="bbox 127 2274 1447 2317; baseline 0.002 -12"><span class='ocrx_word' id='word_1_276' title='bbox 127 2281 263 2306; x_wconf 83' lang='lat' dir='ltr'>senatus</span> <span class='ocrx_word' id='word_1_277' title='bbox 281 2276 359 2307; x_wconf 75' lang='lat' dir='ltr'>com‘.</span> <span class='ocrx_word' id='word_1_278' title='bbox 379 2274 496 2315; x_wconf 67' lang='lat' dir='ltr'>Menge</span> <span class='ocrx_word' id='word_1_279' title='bbox 600 2285 641 2314; x_wconf 82' lang='lat'>23</span> <span class='ocrx_word' id='word_1_280' title='bbox 668 2276 859 2307; x_wconf 85' lang='lat' dir='ltr'>Romanum</span> <span class='ocrx_word' id='word_1_281' title='bbox 876 2277 949 2308; x_wconf 81' lang='lat' dir='ltr'>add.</span> <span class='ocrx_word' id='word_1_282' title='bbox 972 2288 994 2309; x_wconf 75' lang='lat' dir='ltr'>r.</span> <span class='ocrx_word' id='word_1_283' title='bbox 1103 2288 1143 2317; x_wconf 86' lang='lat'>25</span> <span class='ocrx_word' id='word_1_284' title='bbox 1168 2278 1231 2308; x_wconf 89' lang='lat' dir='ltr'>Cn.</span> <span class='ocrx_word' id='word_1_285' title='bbox 1252 2278 1447 2317; x_wconf 86' lang='lat' dir='ltr'>Pompeium</span> 
     </span>
     <span class='ocr_line' id='line_1_39' title="bbox 126 2318 1445 2361; baseline 0.002 -14"><span class='ocrx_word' id='word_1_286' title='bbox 126 2322 158 2347; x_wconf 89' lang='lat' dir='ltr'>et</span> <span class='ocrx_word' id='word_1_287' title='bbox 177 2318 214 2348; x_wconf 92' lang='lat' dir='ltr'>C.</span> <span class='ocrx_word' id='word_1_288' title='bbox 231 2319 413 2349; x_wconf 81' lang='lat' dir='ltr'>Caesarem</span> <span class='ocrx_word' id='word_1_289' title='bbox 432 2318 486 2350; x_wconf 73' lang='lat' dir='ltr'>del.</span> <span class='ocrx_word' id='word_1_290' title='bbox 505 2318 697 2359; x_wconf 76' lang='lat' dir='ltr'>Hoffmann</span> <span class='ocrx_word' id='word_1_291' title='bbox 830 2330 870 2358; x_wconf 86' lang='lat'>27</span> <span class='ocrx_word' id='word_1_292' title='bbox 898 2321 1100 2351; x_wconf 79' lang='lat' dir='ltr'>Helviorum</span> <span class='ocrx_word' id='word_1_293' title='bbox 1124 2321 1276 2361; x_wconf 76' lang='lat' dir='ltr'>Lipsius:</span> <span class='ocrx_word' id='word_1_294' title='bbox 1304 2321 1445 2351; x_wconf 86' lang='lat' dir='ltr'>iluorum</span> 
     </span>
     <span class='ocr_line' id='line_1_40' title="bbox 126 2360 1446 2433; baseline 0.003 -43"><span class='ocrx_word' id='word_1_295' title='bbox 126 2360 467 2433; x_wconf 46' lang='lat' dir='ltr'>DLU&#39;Vzlinuiorum</span> <span class='ocrx_word' id='word_1_296' title='bbox 490 2362 519 2392; x_wconf 88' lang='lat' dir='ltr'><em>T</em></span> <span class='ocrx_word' id='word_1_297' title='bbox 641 2363 682 2392; x_wconf 86' lang='lat'>28</span> <span class='ocrx_word' id='word_1_298' title='bbox 708 2363 814 2394; x_wconf 89' lang='lat' dir='ltr'>victos</span> <span class='ocrx_word' id='word_1_299' title='bbox 833 2363 966 2402; x_wconf 82' lang='lat' dir='ltr'>Sallyas</span> <span class='ocrx_word' id='word_1_300' title='bbox 986 2363 1172 2395; x_wconf 62' lang='lat' dir='ltr'>Glandorn:</span> <span class='ocrx_word' id='word_1_301' title='bbox 1199 2366 1302 2395; x_wconf 84' lang='lat' dir='ltr'>victas</span> <span class='ocrx_word' id='word_1_302' title='bbox 1321 2364 1446 2394; x_wconf 84' lang='lat' dir='ltr'>Gallias</span> 
     </span>
     <span class='ocr_line' id='line_1_41' title="bbox 128 2404 277 2436; baseline 0.007 -3"><span class='ocrx_word' id='word_1_303' title='bbox 128 2404 207 2436; x_wconf 82' lang='lat' dir='ltr'>(-iae</span> <span class='ocrx_word' id='word_1_304' title='bbox 229 2404 277 2434; x_wconf 59' lang='lat' dir='ltr'>T‘i</span> 
     </span>
    </p>
   </div>
  </div>
 </body>
</html>
