1705 2729
444 150 516 185 DE
548 149 727 186 BELLO
758 149 934 186 CIVILI
968 149 1068 185 LIB.
1104 149 1167 184 III

148 268 302 312 posset,¹
333 260 555 310 PompeiuS,
577 260 667 310 quia
688 260 869 310 expedito
890 259 1025 297 itinere
1046 260 1191 297 flumen
1213 259 1246 297 ei
1268 266 1465 297 transeun-

148 327 242 364 dum
277 338 357 363 non
389 332 478 372 erat,
511 325 660 375 magnis
699 324 900 362 itineribus
931 325 981 362 ad
1013 323 1230 361 Antonium
1261 323 1465 361 contendit

147 396 275 438 atque,
312 388 379 426 ubi
412 402 502 426 eum
535 388 848 438 appropinquare
881 387 1077 437 cognovit,
1108 387 1295 425 idoneum
1334 388 1465 424 locum
1486 398 1503 429 5

148 460 283 490 nactus
311 452 365 490 ibi
391 452 522 501 copias
550 451 754 490 collocavit
774 465 944 500 suosque
965 451 1093 489 omnis
1113 450 1246 488 castris
1273 450 1466 488 continuit

111 527 127 557 5
147 515 324 566 ignisque
354 516 434 553 fieri
463 515 671 565 prohibuit,
696 529 774 564 quo
804 514 991 553 occultior
1020 522 1120 552 esset
1150 514 1232 552 eius
1261 515 1463 552 adventus.

148 581 261 618 Haec
292 581 341 617 ad
377 579 593 617 Antonium
629 579 757 617 statim
792 592 860 628 per
894 580 1064 617 Graecos
1098 580 1333 616 deferuntur.
1395 580 1466 616 Ille
1487 584 1505 614 6

146 644 272 682 missis
299 645 350 682 ad
377 645 584 683 Caesarem
613 644 757 682 nuntiis
779 657 900 681 unum
922 643 1027 681 diem
1048 656 1132 681 sese
1154 643 1286 681 castris
1317 643 1466 690 tenuit,

145 710 266 746 altero
292 707 356 746 die
378 709 428 746 ad
455 722 544 746 eum
566 707 739 757 pervenit
761 709 913 746 Caesar.
973 707 1095 746 Cuius
1115 708 1287 745 adventu
1308 706 1465 756 cognito
1487 716 1502 750 7

148 772 371 822 Pompeius,
401 785 450 810 ne
480 773 635 810 duobus
666 772 1034 810 circumcluderetur
1068 771 1312 817 exercitibus,
1343 786 1388 810 ex
1417 785 1465 810 eo

90 849 128 872 10
146 838 234 874 loco
263 836 428 874 discedit
457 836 719 886 omnibusque
748 836 870 886 copiis
899 838 949 874 ad
976 836 1233 886 Asparagium
1264 836 1466 885 Dyrrachi-

146 913 285 938 norum
307 900 481 949 pervenit
500 909 617 950 atque
638 900 691 938 ibi
712 901 856 938 idoneo
877 902 964 938 loco
985 908 1108 938 castra
1129 900 1248 950 ponit.

202 964 277 1002 His
305 964 544 1014 temporibus
567 965 698 1015 Scipio
719 964 961 1003 detrimentis
977 964 1213 1014 quibusdam
1235 964 1337 1003 circa
1357 978 1465 1003 mon—
1484 969 1528 1006 31

147 1037 226 1066 tem
247 1031 445 1067 Amanum
472 1029 642 1079 acceptis
669 1029 943 1079 imperatorem
973 1042 1013 1067 se
1042 1030 1312 1078 appellaverat.
1373 1031 1465 1077 Quo
1487 1049 1502 1069 2

146 1094 250 1131 facto
279 1093 499 1131 civitatibus
529 1092 778 1142 tyrannisque
805 1106 964 1142 magnas
992 1093 1245 1142 imperaverat
1266 1093 1463 1142 pecuniaS,

90 1169 126 1201 15
147 1157 239 1196 item
260 1171 282 1195 a
303 1157 521 1207 publicanis
549 1171 641 1195 suae
667 1157 889 1206 provinciae
909 1157 1083 1195 debitam
1104 1157 1237 1196 bienni
1258 1157 1465 1207 pecuniam

146 1229 322 1271 exegerat
349 1228 386 1259 et
412 1222 462 1259 ab
489 1221 613 1259 isdem
636 1221 875 1270 insequentis
901 1221 993 1258 anni
1021 1228 1196 1258 mutuam
1218 1229 1466 1271 praeceperat

146 1285 375 1335 equitesque
417 1285 487 1324 toti
530 1285 751 1336 provinciae
789 1285 1052 1335 imperaverat.
1113 1285 1268 1334 Quibus
1307 1286 1462 1333 coactis,
1488 1299 1505 1329 3

147 1350 318 1388 finitimis
347 1350 525 1389 hostibus
558 1350 709 1388 Parthis
744 1358 831 1400 post
865 1363 905 1388 se
939 1349 1090 1397 relictis,
1128 1350 1193 1400 qui
1228 1352 1345 1399 paulo
1376 1359 1467 1389 ante

148 1417 203 1453 M.
227 1417 410 1455 Crassum
445 1415 719 1465 imperatorem
752 1415 1023 1453 interfecerant
1057 1423 1095 1453 et
1127 1417 1181 1453 M.
1207 1415 1391 1453 Bibulum
1426 1415 1465 1453 in

89 1493 127 1516 20
146 1479 353 1518 obsidione
401 1480 627 1526 habuerant,
673 1478 845 1529 legiones
889 1478 1119 1528 equitesque
1161 1492 1206 1517 ex
1252 1479 1358 1528 Syria
1402 1480 1466 1517 de-

145 1545 316 1582 duxerat.
367 1545 650 1593 Summamque
666 1543 706 1581 in
723 1543 1026 1581 sollicitudinem
1040 1556 1085 1581 ac
1102 1542 1281 1581 timorem
1297 1543 1465 1581 Parthici
1486 1556 1505 1586 4

146 1607 236 1646 belli
266 1607 464 1658 provincia
492 1621 582 1646 cum
609 1607 787 1654 venisset,
810 1621 856 1645 ac
885 1620 965 1645 non
995 1608 1124 1645 nullae
1154 1607 1319 1645 militum
1349 1620 1465 1645 voces

145 1684 235 1709 curn
268 1671 494 1710 audirentur
528 1685 612 1710 sese
647 1679 782 1710 contra
813 1672 967 1726 hostem
1003 1670 1033 1708 si
1067 1672 1303 1709 ducerentur
1332 1670 1466 1718 ituros,

145 1744 279 1774 contra
299 1736 423 1775 civem
445 1744 483 1775 et
503 1737 705 1774 consulem
725 1748 832 1773 arma
852 1748 932 1772 non
953 1736 1107 1781 laturos,
1131 1735 1310 1773 deductis
1333 1737 1467 1785 Perga—

57 1824 62 1828 -
88 1813 125 1845 25
146 1813 253 1838 mum
283 1808 400 1850 atque
426 1800 466 1838 in
493 1800 817 1851 locupletissimas
848 1799 963 1837 urbes
992 1799 1031 1836 in
1056 1799 1219 1838 hiberna
1248 1799 1466 1849 legionibus

146 1864 331 1903 maximas
361 1865 581 1915 largitiones
602 1865 692 1903 fecit
717 1873 754 1903 et
782 1864 1140 1902 confirmandorum
1163 1863 1329 1902 militum
1350 1877 1467 1903 causa

144 1929 381 1979 diripiendas
402 1930 461 1968 his
481 1930 654 1969 civitates
675 1929 794 1969 dedit.

199 1995 360 2033 Interim
397 1996 647 2035 acerbissime
681 1996 893 2047 imperatae
927 1996 1118 2047 pecuniae
1151 2003 1233 2034 tota
1267 1995 1466 2045 provincia
1485 2004 1536 2041 32

143 2058 403 2108 exigebantur.
464 2062 593 2098 Multa
623 2068 821 2110 praeterea
850 2060 1063 2111 generatim
1092 2061 1143 2098 ad
1172 2059 1371 2098 avaritiam
1406 2073 1466 2098 ex-

84 2133 126 2163 30
144 2123 422 2173 cogitabantur.
493 2126 540 2163 In
579 2125 706 2175 capita
744 2125 895 2175 singula
933 2138 1131 2164 servorum
1169 2138 1216 2162 ac
1253 2124 1463 2162 liberorum
1486 2140 1500 2160 2

143 2187 330 2226 tributum
367 2188 667 2238 imponebatur;
713 2189 964 2236 columnaria,
1006 2189 1170 2236 ostiaria,
1212 2190 1462 2235 frumentum,

144 2251 293 2299 milites,
326 2266 443 2300 arma,
483 2253 659 2303 remiges,
695 2262 899 2301 tormenta,
936 2262 1117 2292 vecturae
1148 2253 1439 2303 imperabantur
1456 2267 1466 2300 3

143 2316 252 2354 cuius
282 2318 402 2356 modo
431 2317 485 2356 rei
514 2331 660 2357 nomen
695 2319 849 2368 reperiri
881 2327 1043 2369 poterat,
1074 2320 1151 2357 hoc
1180 2319 1270 2357 satis
1301 2332 1386 2357 esse
1414 2320 1464 2356 ad

143 2382 339 2430 cogendas
386 2382 571 2431 pecunias
610 2383 823 2422 videbatur.
898 2386 989 2421 Non
1028 2385 1154 2421 solum
1194 2383 1355 2421 urbibus
1395 2385 1463 2421 sed
1486 2400 1503 2429 3

1359 2447 1375 2455 ,-,

187 2453 277 2474 CAES.
298 2454 317 2474 Β
332 2454 358 2475 Ε,
1364 2461 1369 2477 s
