1705 2729
410 529 720 581 INCERTI
773 528 1159 580 AVCTORIS

249 680 362 732 DE
422 681 690 733 BELLO
753 678 1310 734 HISPANIENSI

697 839 866 875 LIBER

175 976 408 1012 PHARNACE
438 981 629 1024 superato,
662 973 793 1011 Africa
823 982 988 1023 recepta,
1020 973 1087 1022 qui
1122 986 1167 1011 ex
1197 972 1256 1011 his
1286 971 1441 1022 proeliis
1462 985 1478 1011 1

121 1051 211 1076 cum
242 1039 495 1076 adulescente
529 1039 601 1077 Cn.
635 1038 825 1088 Pompeio
859 1037 1129 1088 profugissent,
1164 1050 1253 1075 cum
1285 1068 1291 1074 .
1325 1068 1331 1074 .
1365 1067 1371 1074 .
1405 1043 1443 1074 et

121 1101 311 1140 ulterioris
344 1102 562 1151 Hispaniae
591 1102 737 1152 potitus
769 1110 880 1148 esset,
911 1103 1007 1140 dum
1038 1103 1182 1140 Caesar
1217 1100 1443 1139 muneribus

121 1166 261 1205 dandis
282 1165 321 1203 in
345 1165 457 1204 Italia
477 1166 685 1213 detinetur,
716 1197 721 1203 .
755 1197 761 1203 .
796 1197 802 1203 .
835 1179 915 1215 quo
929 1165 1077 1203 facilius
1098 1165 1290 1215 praesidia
1309 1173 1444 1203 contra

84 1247 100 1277 5
122 1237 373 1280 compararet,
417 1229 627 1280 Pompeius
670 1230 709 1267 in
756 1231 875 1268 fidem
923 1229 1232 1278 uniuscuiusque
1279 1229 1444 1267 civitatis

121 1295 330 1344 confugere
368 1294 507 1344 coepit.
587 1295 647 1332 Ita
690 1294 830 1344 partim
869 1293 1050 1343 precibus
1089 1293 1228 1343 partim
1267 1293 1303 1331 vi
1341 1294 1443 1332 bene
1466 1308 1480 1329 2

121 1372 262 1409 magna
295 1366 520 1408 comparata
554 1371 673 1396 manu
712 1357 952 1407 provinciam
992 1364 1151 1396 vastare.
1214 1357 1370 1406 Quibus
1404 1357 1442 1395 in
1463 1369 1481 1399 3

120 1424 236 1462 rebus
275 1435 354 1461 non
394 1425 523 1461 nullae
562 1423 735 1461 civitates
770 1437 839 1461 sua
873 1431 1014 1473 sponte
1047 1423 1190 1461 auxilia
1223 1423 1440 1469 mittebant,

120 1488 214 1526 item
234 1502 315 1526 non
336 1489 464 1526 nullae
484 1496 614 1538 portas
635 1495 770 1526 contra
790 1488 1013 1527 eludebant.
1075 1490 1134 1526 Ex
1154 1488 1296 1538 quibus
1317 1488 1348 1526 si
1369 1501 1445 1538 qua
1464 1503 1483 1532 4

65 1570 102 1591 10
121 1552 267 1602 oppida
301 1551 337 1590 vi
371 1559 538 1602 ceperat,
572 1565 662 1590 cum
696 1551 835 1602 aliquis
866 1566 911 1590 ex
946 1566 992 1590 ea
1028 1552 1182 1590 civitate
1214 1552 1361 1602 optime
1395 1552 1445 1590 de

121 1618 193 1656 Cn.
218 1616 409 1666 Pompeio
430 1616 588 1654 meritus
610 1615 702 1654 civis
724 1624 836 1663 esset,
860 1624 1018 1666 propter
1038 1615 1228 1666 pecuniae
1258 1615 1445 1666 magnitu-

120 1681 254 1720 dinem
275 1681 350 1719 alia
369 1694 447 1730 qua
467 1680 502 1719 ei
523 1680 759 1719 inferebatur
785 1694 912 1727 causa,
937 1689 979 1718 ut
999 1694 1046 1719 eo
1067 1682 1117 1719 de
1138 1680 1270 1719 medio
1291 1681 1445 1718 sublato

121 1760 167 1784 ex
187 1745 269 1783 eius
290 1745 457 1795 pecunia
476 1747 671 1784 latronum
693 1745 842 1795 largitio
864 1746 982 1783 fieret.
1026 1747 1088 1783 Ita
1107 1744 1213 1795 pacis
1234 1745 1445 1783 commoda

121 1812 234 1849 hoste
254 1812 458 1851 †hortato†
480 1811 645 1850 maiores
674 1811 917 1861 augebantur
947 1809 1094 1860 copiae.
1154 1812 1273 1848 †Hoc
1302 1809 1445 1847 crebris
1465 1820 1481 1851 5

66 1892 102 1923 15
122 1875 268 1914 nuntiis
306 1875 346 1913 in
386 1875 539 1914 Italiam
587 1876 714 1914 missis
761 1875 936 1914 civitates
976 1874 1191 1913 contrariae
1230 1873 1445 1924 Pompeioi·

120 1939 262 1977 auxilia
282 1939 356 1977 sibi
377 1940 690 1990 depostulabant.

166 2042 287 2082 Incipit
305 2042 391 2074 liber
408 2043 508 2074 XIIIs
525 2045 567 2074 de
584 2043 675 2075 bello
692 2044 881 2084 hyspanico
899 2045 952 2075 D:
980 2043 1074 2075 mest>
1092 2051 1323 2073 fflSPANmNsrz
1341 2041 1369 2071 L

168 2096 181 2115 1
202 2090 278 2126 post
294 2087 469 2117 Pharnace
487 2087 563 2118 add,
582 2098 662 2125 rege
684 2087 716 2116 V
807 2099 826 2118 2
850 2088 1069 2119 adulescente
1086 2085 1184 2117 DL':
1210 2085 1446 2115 adulescentes

127 2129 171 2160 T:
197 2129 470 2160 adulescentules
489 2130 520 2160 V
604 2131 818 2170 PompeioB:
850 2131 1047 2170 Pompeium
1061 2129 1096 2159 D
1183 2129 1225 2159 ad
1251 2127 1445 2158 adulescen-

122 2172 226 2202 tulum
244 2173 306 2203 Cn.
325 2172 521 2212 Pompeium
539 2173 657 2204 Dinter
786 2184 804 2213 5
832 2174 976 2205 civitatis
993 2184 1057 2203 om.
1083 2173 1114 2203 V
1243 2182 1260 2210 7
1280 2175 1354 2210 post
1369 2180 1447 2209 pro-

121 2215 264 2245 vinciam
282 2215 357 2246 add.
373 2216 562 2247 citeriorem
580 2216 768 2248 Mommsen
915 2228 936 2256 9
960 2217 1141 2247 eludebant
1159 2215 1288 2246 DU‘T:
1316 2214 1447 2244 claude-

122 2259 203 2288 bant
222 2257 288 2288 LV
387 2269 427 2289 10
449 2259 569 2298 aliquis
585 2260 637 2292 D:
665 2261 737 2291 aliis
754 2263 776 2293 Β
892 2271 929 2291 12
955 2260 1019 2290 alia
1035 2270 1100 2298 qua
1121 2259 1180 2289 U‘:
1207 2259 1273 2288 alia
1290 2267 1377 2296 quae
1395 2257 1446 2287 L:

123 2301 234 2339 aliqua
249 2300 326 2331 DT‘
417 2312 453 2340 13
478 2303 582 2343 pacis]
602 2304 718 2342 paucis
730 2303 802 2334 DT
888 2314 926 2341 14
950 2304 1083 2333 hortato
1101 2301 1153 2331 X:
1180 2302 1291 2331 furato
1309 2299 1449 2339 Madvig

123 2344 169 2373 ita
185 2344 300 2382 paucis
318 2346 491 2375 commoda
507 2346 547 2376 ab
561 2347 657 2377 hoste
674 2352 767 2384 orta;
786 2357 826 2376 eo
839 2346 994 2376 Flcz'sclzer
1145 2345 1294 2375 crebrius
1311 2343 1445 2383 Nipper-

122 2387 178 2426 dey
314 2397 350 2426 15
369 2392 445 2427 post
461 2388 624 2428 Pompeio
641 2389 714 2419 add.
736 2390 928 2420 indicabant
947 2394 980 2420 et
996 2389 1112 2419 Novak
