1705 2729
363 150 437 186 DE
467 149 648 187 BELLO
680 149 1041 186 HISPANIENSI
1074 148 1243 185 LIBER

143 265 244 295 esset
264 265 426 306 gestum,
452 265 581 295 tamen
609 256 747 295 virtute
767 256 852 295 freti
873 258 1047 306 repulsos
1069 256 1279 306 multisque
1299 256 1462 295 vulneri-

143 321 216 359 bus
235 322 410 360 adfectos
432 321 580 371 oppido
604 328 876 371 represserunt,
900 323 1086 371 praedam
1115 335 1300 371 armaque
1327 334 1463 359 eorum

143 393 232 423 sunt
252 385 365 435 potiti
386 385 573 435 vivosque
601 386 753 436 aliquos
783 393 981 434 ceperunt,
1005 385 1071 434 qui
1096 393 1252 435 postero
1281 385 1345 423 die
1373 392 1465 423 sunt

142 449 342 488 interfecti.
432 451 663 499 Eodemque
711 457 887 499 tempore
934 451 1130 499 transfuga
1178 448 1369 486 nuntiavit
1417 462 1462 486 ex
1484 460 1504 490 4

104 526 120 555 5
141 514 289 563 oppido
320 514 489 560 Iunium,
521 514 588 563 qui
617 514 657 552 in
691 514 874 552 cuniculo
908 513 1052 560 fuisset,
1088 513 1326 563 iugulatione
1355 512 1463 563 oppi-

141 579 332 616 danorum
373 580 473 616 facta
513 580 702 616 clamasse
744 578 894 616 facinus
935 591 976 616 se
1015 578 1229 615 nefandum
1269 585 1306 615 et
1335 578 1461 615 scelus

140 641 299 680 fecisse:
348 655 438 680 nam
470 655 537 680 eos
575 642 670 680 nihil
702 642 889 680 meruisse
922 655 1043 691 quare
1077 641 1142 679 tali
1169 655 1297 691 poena
1322 642 1462 679 adfice-

140 713 271 744 rentur
304 705 371 756 qui
401 719 468 744 eos
497 707 548 744 ad
576 720 660 744 aras
689 713 728 744 et
761 707 870 744 focos
909 719 1001 743 suos
1035 705 1282 755 recepissent,
1316 719 1463 755 eosque

140 770 353 820 hospitium
381 773 526 808 scelere
560 770 872 818 contaminasse;
912 772 1036 808 multa
1064 777 1263 819 praeterea
1294 769 1462 808 dixisse:

84 846 122 868 10
140 848 217 884 qua
237 834 412 872 oratione
432 834 635 873 deterritos
655 834 822 883 amplius
843 833 1124 883 iugulationem
1146 847 1225 871 non
1246 833 1394 872 fecisse.

194 900 254 936 Ita
283 907 439 948 postero
476 898 541 937 die
579 898 731 936 Tullius
769 900 917 948 legatus
956 911 1046 936 cum
1082 899 1234 936 Catone
1273 897 1462 936 Lusitano
1483 902 1523 941 17

138 963 242 1001 venit
270 970 307 1001 et
336 964 441 1013 apud
471 964 679 1002 Caesarem
708 963 826 1001 verba
855 962 968 1000 fecit:
1014 962 1203 1001 ‘Utinam
1231 962 1392 1012 quidem
1421 962 1462 1001 di

138 1027 375 1066 immortales
397 1027 579 1066 fecissent
599 1034 641 1065 ut
661 1035 750 1065 tuus
770 1026 900 1076 potius
929 1027 1038 1065 miles
1061 1040 1179 1076 quam
1201 1027 1273 1066 Cn.
1298 1027 1463 1076 Pompei

138 1093 262 1130 factus
293 1106 419 1131 essem
450 1100 488 1131 et
518 1093 619 1130 hanc
650 1092 800 1130 virtutis
834 1091 1094 1130 constantiam
1125 1091 1164 1129 in
1195 1099 1261 1129 tua
1289 1091 1459 1138 victoria,

82 1169 118 1201 15
140 1171 219 1195 non
240 1157 280 1195 in
301 1157 402 1195 illius
423 1156 643 1195 calamitate
664 1164 912 1207 praestarem.
972 1156 1094 1195 Cuius
1120 1157 1296 1194 funestae
1326 1157 1460 1194 laudes
1484 1172 1498 1192 2

138 1221 324 1272 quoniam
362 1223 413 1261 ad
452 1223 553 1260 hanc
591 1223 787 1260 fortunam
826 1221 1048 1260 reciderunt
1079 1228 1121 1259 ut
1155 1220 1258 1259 cives
1289 1220 1461 1260 Romani

137 1286 356 1336 indigentes
376 1286 542 1337 praesidi
564 1317 571 1325 .
605 1318 611 1325 .
642 1317 649 1325 .
682 1293 720 1325 et
740 1293 897 1336 propter
923 1285 1069 1336 patriae
1099 1286 1317 1323 luctuosam
1338 1284 1461 1335 perni-

137 1350 236 1388 ciem
266 1350 448 1389 dedimur
476 1351 649 1389 hostium
678 1364 854 1397 numero,
894 1349 962 1399 qui
1002 1363 1130 1400 neque
1169 1349 1208 1387 in
1247 1349 1348 1388 illius
1377 1363 1460 1400 pro-

137 1428 248 1464 spera
275 1414 359 1453 acie
388 1414 553 1464 primam
587 1416 783 1452 fortunam
814 1428 943 1464 neque
977 1413 1017 1452 in
1049 1415 1212 1452 adversa
1245 1415 1459 1452 secundam

79 1491 119 1514 20
136 1479 379 1517 obtinuimus
410 1477 655 1532 [victoriam]‚
688 1479 755 1529 qui
789 1478 988 1528 legionum
1020 1485 1078 1517 tot
1110 1478 1278 1528 impetus
1313 1486 1460 1517 susten-

136 1550 273 1590 tantes,
323 1543 522 1582 nocturnis
569 1543 797 1593 diurnisque
844 1542 1028 1592 operibus
1068 1542 1304 1592 ‘gladiorum
1361 1542 1459 1581 ictus

136 1610 382 1658 telorumque
401 1608 541 1646 missus
561 1616 822 1658 exceptantes,
845 1607 967 1645 relicti
989 1615 1026 1645 et
1047 1606 1191 1646 deserti
1210 1621 1233 1645 a
1255 1607 1456 1658 Pompeio,

135 1681 202 1711 tua
229 1673 369 1711 virtute
407 1671 575 1723 superati
610 1674 774 1711 salutem
808 1685 831 1710 a
866 1679 932 1709 tua
962 1671 1172 1709 clementia
1206 1671 1458 1721 deposcimus

135 1737 382 1787 petimusque
402 1739 464 1775 ut’
486 1768 492 1775 .
527 1768 533 1774 .
566 1767 574 1774 .
600 1740 608 1756 ‘
622 1738 777 1787 qualem
797 1736 979 1786 gentibus
1001 1749 1063 1775 me
1084 1735 1266 1786 praestiti,
1291 1735 1458 1776 similem
1481 1755 1498 1785 3

77 1813 113 1844 25
134 1800 174 1840 in
194 1801 336 1840 civium
357 1801 559 1841 deditione
582 1802 812 1851 praestabo.'

188 1866 378 1905 Remissis
408 1866 553 1916 legatis,
586 1880 675 1904 curn
709 1867 760 1905 ad
795 1874 946 1915 portam
979 1866 1186 1912 venissent,
1220 1865 1278 1903 Ti.
1304 1865 1456 1904 Tullius
1477 1866 1520 1903 18

214 1961 220 1968 .
253 1938 291 1969 et
331 1944 421 1968 cum
462 1931 724 1969 introeuntem
769 1932 838 1970 †C.
876 1930 1098 1970 Antonius†
1137 1930 1335 1968 insecutus
1375 1944 1455 1968 non

133 2003 244 2042 esset,
267 1995 421 2034 revertit
449 1997 499 2034 ad
529 2002 681 2045 portam
712 2003 749 2033 et
773 1994 975 2033 hominem
1002 1994 1271 2043 apprehendit.
1332 1995 1454 2042 Quod
1477 2011 1492 2032 2

132 2059 311 2098 Tiberius
341 2073 431 2097 cum
462 2059 543 2098 fieri
572 2059 854 2105 animadvertit,
879 2058 993 2096 simul
1021 2058 1233 2108 pugionem
1254 2058 1387 2097 eduxit
1417 2066 1455 2098 et

175 2173 194 2202 5
220 2163 366 2203 Iunium]
381 2173 481 2193 unum
495 2163 683 2193 Mommsen
778 2173 814 2200 17
835 2166 909 2202 post
925 2162 1070 2201 praesidi
1088 2162 1162 2192 add.
1183 2162 1286 2192 simus
1302 2162 1459 2192 Fleisclzer

130 2207 188 2246 qui
202 2207 355 2237 dedimur
371 2207 405 2236 in
427 2207 545 2236 demur
566 2210 674 2236 mutat
752 2207 790 2236 18
814 2216 976 2245 prospera
997 2216 1062 2236 0111.
1093 2207 1128 2236 A)
1216 2216 1258 2235 20
1281 2205 1453 2236 victoriam

131 2250 187 2281 del.
201 2250 378 2289 Nipperdey
466 2260 506 2280 22
525 2254 746 2289 exceptantes
756 2249 845 2279 Koch
861 2261 868 2279 :
893 2253 1115 2288 expectantes
1128 2246 1165 2277 X
1251 2259 1289 2286 24
1309 2250 1454 2288 petimus

132 2298 167 2323 ut
183 2293 313 2331 qualem
332 2292 408 2322 DT‘
423 2305 429 2323 :
465 2294 675 2332 petimusque
694 2298 726 2322 et
746 2293 878 2331 qualem
900 2292 940 2322 L'
958 2291 1081 2327 <addito
1098 2292 1142 2322 ait
1160 2292 1192 2321 in
1215 2291 1258 2321 L‹
1412 2294 1454 2322 26

125 2341 202 2376 post
216 2336 344 2366 Tullius
362 2337 516 2366 lacunam
536 2339 597 2366 nol.
612 2336 745 2366 Kraucr
833 2346 871 2374 27
898 2335 987 2375 cum]
1009 2345 1082 2364 eum
1095 2334 1162 2365 LU
1226 2336 1262 2365 C.
1282 2335 1452 2366 Antonius

130 2379 182 2410 X:
209 2380 293 2410 Cato
313 2379 492 2410 Lusitanus
511 2379 642 2409 Krancr

1306 2434 1363 2464 18*
