1705 2729
490 126 563 162 DE
596 124 776 162 BELLO
806 125 983 162 CIVILI
1016 124 1118 161 LIB.
1154 124 1219 160 III

197 236 257 273 Ibi
281 235 483 285 cognoscit
508 248 702 272 consensu
731 233 908 271 omnium
939 233 1266 271 Antiochensium
1295 234 1516 283 civiumque
1538 242 1556 271 6

195 302 465 337 Romanorum
505 298 570 348 qui
616 298 692 336 illic
737 297 1026 348 negotiarentur
1067 311 1196 335 arcem
1236 306 1389 346 captam
1433 312 1518 336 esse

193 364 425 402 excludendi
447 363 505 401 sui
529 377 647 401 causa
675 362 913 412 nuntiosque
940 362 1122 400 dimissos
1147 363 1197 400 ad
1226 375 1292 399 eos
1314 361 1379 411 qui
1407 376 1447 400 se
1472 377 1517 400 ex

193 431 282 478 fuga
315 428 354 465 in
386 428 568 465 finitimas
604 427 777 465 civitates
809 426 1002 476 recepisse
1032 426 1263 472 dicerentur,
1301 440 1350 464 ne
1386 426 1519 464 Antio-

155 504 171 534 5
192 493 320 531 chiam
340 493 492 531 adirent
510 507 519 539 ,·
548 492 588 531 id
609 492 639 530 si
660 491 851 538 fecissent,
869 505 1012 541 magno
1033 505 1169 529 eorum
1190 490 1326 540 capitis
1347 490 1519 540 periculo

193 559 375 595 futurum.
438 559 551 595 Idem
573 558 648 595 hoc
670 558 711 594 L.
737 557 917 603 Lentulo,
941 555 1008 605 qui
1035 555 1233 605 superiore
1257 568 1362 593 anno
1383 556 1519 593 consul
1543 569 1558 603 7

192 624 324 669 fuerat,
349 630 387 660 et
415 624 454 659 P.
480 623 648 659 Lentulo
678 620 871 659 consulari
892 634 937 658 ac
962 634 1042 658 non
1072 619 1295 658 nullis'aliis
1325 619 1519 657 acciderat

195 687 354 733 Rhodi3
383 685 451 736 qui
478 700 568 724 cum
593 700 639 724 ex
664 687 753 735 fuga
784 684 1018 735 Pompeium
1049 692 1303 734 sequerentur
1332 691 1449 733 atque
1480 683 1518 721 in

194 751 360 789 insulam
381 751 587 797 venissent,
612 750 760 800 oppido
780 764 825 788 ac
846 758 961 799 portu
983 749 1128 799 recepti
1149 763 1229 787 non
1250 756 1358 787 erant
1380 748 1519 786 missis-

139 830 177 851 10
196 829 272 865 que
302 816 353 853 ad
392 828 458 853 eos
497 813 653 859 nuntiis,
695 820 736 850 ut
776 827 821 851 ex
852 812 912 850 his
951 812 1046 851 locis
1085 812 1343 857 discederent,
1385 819 1519 848 contra

194 882 435 918 voluntatem
474 892 584 917 suam
618 878 726 916 navis
765 879 972 916 solverunt.
1053 879 1218 927 Iamque
1257 877 1306 914 de
1341 874 1517 914 Caesaris
1539 887 1556 915 S

191 945 362 983 adventu
384 946 486 982 fama
501 946 551 983 ad
572 944 744 983 civitates
765 945 1039 994 perferebatur.

246 1009 401 1057 Quibus
421 1009 585 1059 cognitis
606 1010 720 1047 rebus
738 1008 949 1059 Pompeius
966 1008 1147 1058 deposito
1163 1008 1369 1046 adeundae
1386 1005 1515 1055 Syriae
1536 1014 1608 1050 103

192 1073 356 1112 consilio
380 1073 546 1123 pecunia
575 1073 770 1112 societatis
799 1074 952 1111 sublata
981 1081 1018 1111 et
1047 1087 1069 1110 a
1094 1072 1330 1122 quibusdam
1360 1070 1516 1121 privatis

135 1152 172 1183 15
193 1145 348 1187 sumpta
368 1145 406 1176 et
425 1138 522 1176 aeris
547 1152 688 1188 magno
709 1139 884 1187 pondere
903 1139 955 1176 ad
983 1137 1188 1175 militarem
1209 1150 1323 1174 usum
1351 1135 1390 1173 in
1411 1136 1518 1173 navis

192 1202 376 1252 imposito
396 1204 632 1253 duobusque
654 1203 811 1241 milibus
832 1203 1039 1241 hominum
1069 1201 1236 1248 armatis,
1261 1201 1400 1251 partim
1421 1214 1519 1250 quos

191 1281 238 1305 ex
271 1267 425 1306 familiis
464 1267 696 1306 societatum
732 1269 938 1316 delegerat,
973 1266 1113 1317 partim
1152 1280 1175 1304 a
1212 1264 1519 1315 negotiatoribus

191 1340 379 1382 coegerat,
414 1346 592 1382 quosque
627 1347 673 1370 ex
706 1332 785 1370 suis
820 1332 986 1381 quisque
1020 1332 1071 1369 ad
1105 1332 1208 1368 hanc
1239 1344 1319 1368 rem
1355 1329 1519 1368 idoneos

191 1396 444 1443 existimabat,
482 1396 680 1435 Pelusium
715 1397 900 1446 pervenit.
963 1396 1024 1434 Ibi
1059 1409 1150 1434 casu
1183 1409 1247 1433 rex
1279 1401 1357 1433 erat
1393 1395 1520 1431 Ptolo-
1542 1409 1556 1429 2

135 1475 335 1508 minaeus,
372 1475 469 1511 puer
505 1469 642 1508 aetate,
681 1461 832 1510 magnis
867 1460 989 1510 copiis
1022 1474 1112 1498 cum
1145 1473 1275 1498 sorore
1310 1460 1520 1508 Cleopatra

191 1526 338 1564 bellum
359 1539 505 1575 gerens,
530 1539 649 1575 quam
670 1525 805 1575 paucis
830 1534 921 1563 ante
943 1525 1144 1563 mensibus
1166 1538 1234 1574 per
1254 1537 1345 1562 suos
1366 1522 1520 1572 propin-

192 1603 290 1639 quos
320 1598 437 1639 atque
466 1590 613 1628 amicos
643 1603 762 1639 regno
793 1591 1018 1639 expulerat3
1056 1596 1259 1638 castraque
1287 1590 1519 1637 Cleopatrae

193 1668 272 1692 non
286 1656 404 1704 longo
419 1654 544 1704 spatio
560 1655 610 1692 ab
627 1654 709 1692 eius
726 1654 859 1692 castris
877 1654 1085 1692 distabant.
1119 1654 1183 1692 Ad
1200 1667 1290 1691 eum
1307 1652 1518 1702 Pompeius
1540 1661 1557 1691 3

194 1718 306 1765 misit,
331 1726 372 1756 ut
393 1732 462 1768 pro
492 1718 662 1768 hospitio
687 1726 805 1768 atque
833 1718 1005 1756 amicitia
1029 1717 1146 1768 patris
1168 1717 1404 1756 Alexandria
1428 1716 1520 1755 reci-

135 1799 148 1819 2
155 1798 172 1829 5
193 1790 347 1832 peretur
366 1790 484 1832 atque
504 1783 604 1821 illius
626 1783 767 1833 opibus
791 1782 831 1820 in
852 1782 1072 1821 calamitate
1093 1790 1294 1832 tegeretur.
1354 1783 1432 1820 Sed
1453 1781 1519 1831 qui
1540 1794 1557 1823 4

192 1848 242 1885 ab
277 1861 323 1885 eo
358 1847 464 1885 missi
495 1855 604 1886 erant
637 1849 818 1886 confecto
852 1847 1055 1897 legationis
1085 1847 1213 1885 officio
1242 1846 1399 1885 liberius
1428 1860 1518 1884 cum

193 1911 379 1950 militibus
409 1912 507 1961 regis
537 1912 710 1961 colloqui
739 1919 954 1962 coeperunt
983 1925 1131 1961 eosque
1160 1911 1303 1950 hortari
1333 1920 1374 1950 ut
1405 1925 1519 1950 suum

192 1976 363 2014 officium
394 1976 585 2026 Pompeio
614 1984 853 2027 praestarent
882 1990 981 2015 neve
1011 1976 1092 2015 eius
1122 1978 1318 2014 fortunam
1347 1976 1520 2026 despice-

193 2049 286 2079 rent.
339 2043 386 2079 In
407 2042 482 2079 hoc
504 2049 612 2079 erant
631 2055 795 2080 numero
815 2043 1037 2092 complures
1060 2041 1225 2090 Pompei
1245 2040 1397 2088 milites,
1420 2054 1519 2090 quos
1540 2054 1556 2085 5

135 2121 174 2150 50
193 2120 239 2144 ex
272 2105 354 2144 eius
388 2105 558 2144 exercitu
587 2113 771 2155 acceptos
805 2106 845 2143 in
877 2106 984 2155 Syria
1015 2105 1208 2144 Gabinius
1242 2105 1517 2144 Alexandriam

237 2221 255 2239 ‘2
280 2220 389 2240 arcem
406 2210 473 2240 FU
486 2220 613 2250 munga
639 2220 750 2240 arcem
767 2220 857 2240 aram
876 2209 904 2239 L
922 2221 928 2239 :
957 2220 1047 2240 aram
1064 2209 1188 2240 D'UT'
1320 2220 1339 2247 4
1365 2209 1519 2239 civitates

193 2257 214 2282 λ
231 2265 238 2284 :
261 2264 325 2284 om.
343 2257 406 2284 cell.
521 2255 540 2283 8
564 2253 620 2291 qui
638 2264 713 2283 cum
735 2253 876 2284 Ursinus
891 2264 898 2283 z
925 2254 1127 2292 quicumque
1145 2251 1182 2281 X
1293 2262 1327 2282 11
1357 2262 1450 2282 suam
1468 2252 1519 2282 E:

194 2307 272 2326 suas
290 2300 352 2327 cell.
525 2297 699 2326 solverunt
718 2296 757 2325 L'
778 2308 784 2328 ι
810 2297 983 2327 solverent
999 2296 1096 2327 DT:
1122 2296 1255 2326 solvere
1274 2296 1475 2326 iubebantur
1492 2295 1523 2324 E

200 2350 237 2377 ¹9
263 2339 477 2370 Ptolomaeus
502 2340 544 2370 K.
565 2340 655 2370 Kril:
691 2339 959 2379 Ptxthjmlomeus
976 2339 1150 2376 Xscmpcr
1290 2350 1332 2378 30
1357 2339 1456 2377 Syria
1483 2349 1518 2367 r:

198 2383 330 2422 Syriam
347 2382 384 2412 X
514 2383 678 2413 Gabinius
697 2393 733 2413 r:
758 2382 920 2413 Gavinius
937 2385 959 2418 β
976 2394 980 2414 :
1007 2383 1147 2414 Caunus
1163 2381 1208 2412 D'
