1705 2729
454 141 526 177 DE
559 140 737 177 BELLO
768 140 944 177 CIVILI
978 141 1078 177 LIB.
1114 141 1177 176 ΙΙΙ

157 253 207 290 ad
237 264 326 289 eum
354 264 399 288 ex
423 249 625 288 Thessalia
646 248 878 298 Aetoliaque
909 250 1022 298 legati
1052 250 1247 288 venissent
1278 251 1344 299 qui
1374 264 1478 300 prae-

158 315 256 353 sidio
281 314 399 352 misso
426 313 699 363 pollicerentur
726 326 857 351 earum
885 313 1059 362 gentium
1087 313 1260 351 civitates
1291 314 1477 363 imperata

156 380 332 424 facturas,
360 379 402 415 L.
427 377 606 416 Cassium
635 376 857 427 Longinum
885 390 975 415 cum
1000 376 1152 426 legione
1173 376 1353 423 tironum,
1378 390 1478 426 quae

156 443 424 493 appellabatur
451 453 594 488 xxvn.,
623 448 742 491 atque
771 441 968 490 equitibus
997 452 1045 479 cc
1074 440 1113 479 in
1143 441 1399 487 Thessaliam,
1432 442 1475 480 C.

120 523 137 553 5
158 506 370 546 Calvisium
400 505 589 544 Sabinum
618 519 708 543 cum
738 505 966 543 cohortibus
996 518 1020 542 V
1047 505 1260 555 paucisque
1281 505 1478 555 equitibus

156 571 196 608 in
225 570 420 608 Aetoliam
448 569 550 607 misit
565 584 575 617 3
604 569 771 607 maxime
792 582 870 616 e03‚
893 570 1000 619 quod
1022 577 1129 607 erant
1156 569 1399 619 propinquae
1426 583 1479 607 re-

155 634 301 684 giones,
327 635 376 672 de
400 647 440 672 re
463 633 712 671 frumentaria
738 641 780 671 ut
804 633 1052 682 providerent
1076 634 1250 671 hortatus
1276 640 1343 671 est.
1404 634 1475 672 Cn.
1500 642 1517 671 3

157 698 375 736 Domitium
397 697 604 737 Calvinum
632 711 722 736 cum
750 697 968 746 legionibus
992 698 1157 744 duabus,
1188 709 1243 734 XI.
1267 704 1304 734 et
1331 709 1421 744 X11.,
1441 704 1479 735 et

156 762 350 812 equitibus
378 774 405 799 D
432 762 471 799 in
500 761 779 800 Macedoniam
807 761 1000 811 proficisci
1028 761 1137 799 iussit
1152 776 1161 808 3
1190 761 1300 799 cuius
1328 761 1479 811 provin·
1498 773 1516 801 4

100 842 137 863 10
156 826 238 864 ciae
263 827 313 864 ab
340 840 385 864 ea
405 833 512 875 parte
533 839 633 875 quae
653 826 774 864 libera
793 826 1061 875 appellabatur
1084 826 1355 871 Menedemus,
1380 825 1479 874 prin-

155 903 246 939 ceps
294 903 426 927 earum
465 889 679 939 regionum,
721 889 861 927 missus
909 890 1056 939 legatus
1101 889 1279 927 omnium
1318 902 1477 927 suorum

155 955 346 991 excellens
367 953 540 991 studium
561 954 824 1003 profitebatur.

209 1020 267 1055 Ex
293 1017 352 1055 his
381 1018 570 1057 Calvisius
592 1018 718 1068 primo
744 1019 916 1056 adventu
941 1031 1094 1056 summa
1123 1018 1299 1056 omnium
1321 1019 1478 1056 Aetolo·
1498 1024 1548 1064 35

154 1096 240 1121 rum
269 1090 447 1132 receptus
476 1084 676 1121 voluntate
705 1082 906 1132 praesidiis
935 1082 1243 1120 adversariorum
1274 1083 1477 1131 Calydone

98 1163 134 1194 15
155 1155 193 1186 et
220 1149 427 1196 Naupacto
455 1147 606 1186 reiectis
636 1147 743 1185 omni
771 1147 926 1185 Aetolia
949 1146 1094 1196 potitus
1122 1154 1188 1184 est.
1248 1146 1407 1185 Cassius
1436 1146 1475 1183 in
1498 1161 1513 1182 2

154 1211 396 1249 Thessaliam
436 1225 525 1249 curn
565 1210 717 1261 legione
756 1210 940 1261 pervenit.
1017 1210 1096 1248 Hic
1134 1223 1224 1248 cum
1264 1218 1393 1248 essent
1427 1211 1477 1247 fa-

153 1275 302 1314 ctiones
329 1276 440 1323 duae,
464 1275 567 1313 varia
591 1277 791 1314 voluntate
820 1274 1034 1314 civitatium
1064 1275 1268 1312 utebatur:
1305 1276 1478 1323 Hegesa-

152 1346 265 1386 retos‚
296 1339 435 1378 veteris
462 1341 582 1378 homo
610 1339 819 1389 potentiae,
852 1338 1101 1388 Pompeianis
1129 1339 1244 1377 rebus
1270 1338 1453 1376 studebat
1469 1353 1478 1384 3

156 1406 349 1451 Petraeus‚
383 1418 559 1443 summae
597 1404 809 1443 nobilitatis
847 1405 1092 1451 adulescens,
1124 1403 1202 1442 suis
1240 1416 1285 1442 ac
1317 1416 1476 1442 suorum

99 1483 137 1506 20
156 1468 296 1518 opibus
326 1470 533 1508 Caesarem
563 1469 674 1507 enixe
703 1468 870 1507 iuvabat.

210 1535 442 1584 Eodemque
473 1542 648 1584 tempore
680 1533 877 1572 Domitius
907 1533 946 1570 in
977 1532 1256 1571 Macedoniam
1287 1532 1391 1570 venit
1423 1540 1472 1579 et,
1494 1536 1547 1582 36

153 1612 243 1637 cum
282 1600 331 1637 ad
370 1613 460 1638 eum
499 1600 720 1649 frequentes
759 1597 972 1636 civitatium
1016 1597 1228 1647 legationes
1267 1597 1476 1635 convenire

153 1663 383 1713 coepissent,
406 1663 627 1702 nuntiatum
650 1671 706 1701 est
727 1664 863 1701 adesse
885 1662 1109 1712 Scipionem
1134 1675 1224 1699 cum
1245 1661 1477 1711 legionibus,

155 1740 295 1776 magna
315 1727 500 1777 opinione
521 1735 558 1765 et
575 1729 677 1765 fama
697 1726 874 1765 omnium
890 1741 899 1773 3
926 1739 1017 1763 nam
1038 1727 1268 1775 plerumque
1288 1725 1328 1762 in
1348 1725 1478 1765 †novi-
1499 1742 1513 1762 2

98 1804 134 1835 25
155 1796 256 1830 tate†
277 1793 380 1829 fama
404 1791 610 1830 antecedit.
672 1791 752 1829 Hic
772 1792 880 1829 nullo
901 1790 941 1828 in
961 1792 1050 1828 loco
1076 1789 1336 1828 Macedoniae
1357 1803 1478 1828 mora-

154 1863 215 1893 tus
237 1868 378 1904 magno
398 1855 547 1905 impetu
575 1855 699 1893 tendit
726 1856 775 1893 ad
806 1854 1024 1892 Domitium
1053 1861 1100 1899 et,
1124 1867 1214 1892 cum
1234 1854 1284 1892 ab
1305 1867 1352 1892 eo
1373 1853 1478 1892 milia

152 1932 338 1969 passuum
376 1931 433 1956 xx
468 1919 635 1966 afuisset,
671 1919 800 1958 subito
830 1933 870 1957 se
900 1920 950 1956 ad
978 1918 1158 1957 Cassium
1187 1917 1409 1968 Longinum
1438 1918 1477 1955 in
1498 1931 1515 1961 3

153 1984 395 2022 Thessaliam
428 1984 627 2022 convertit.
700 1986 793 2022 Hoc
826 1985 926 2022 adeo
959 1983 1133 2021 celeriter
1164 1983 1254 2021 fecit
1288 1990 1329 2020 ut
1363 1982 1477 2020 simul

153 2048 290 2086 adesse
319 2056 357 2086 et
381 2048 510 2087 venire
538 2049 779 2086 nuntiaretur
808 2056 858 2095 et,
883 2061 962 2098 quo
992 2047 1063 2086 iter
1083 2046 1301 2097 expeditius
1322 2048 1474 2093 faceret,

201 2175 213 2194 1
240 2165 450 2196 Thessaliam
467 2165 596 2196 Aldus:
631 2166 840 2196 Thessaliam
860 2166 965 2197 (iubet
982 2165 1026 2206 E)
1048 2166 1095 2196 ire
1113 2164 1150 2195 X
1283 2176 1318 2204 15
1344 2166 1478 2196 reiectis

159 2207 380 2239 Vascosanus:
416 2209 544 2239 relictis
567 2209 645 2243 Dss:
681 2210 829 2248 receptis
853 2209 885 2238 E
1019 2219 1056 2248 17
1081 2209 1252 2239 civitatum
1277 2209 1310 2238 F
1441 2219 1479 2247 19

156 2251 316 2281 Petraeus
336 2251 540 2282 Cz'accom'us:
567 2252 720 2283 Petreius
737 2254 780 2286 βε
808 2251 971 2282 Praeteus
988 2251 1033 2281 D'
1162 2262 1203 2281 22
1229 2252 1401 2282 civitatum
1420 2251 1484 2281 LF

154 2304 195 2332 23
218 2293 409 2332 legionibus
431 2295 630 2325 Glareanus:
666 2295 800 2334 legione
817 2294 854 2324 X
985 2305 1025 2333 24
1046 2299 1121 2334 post
1144 2295 1293 2324 novitate
1314 2294 1391 2324 add.
1408 2305 1477 2324 rem

156 2336 357 2368 Ciaccom'us:
384 2339 417 2367 in
439 2348 526 2367 nova
559 2349 595 2368 re
620 2338 797 2368 veritatem
826 2338 1015 2378 Hoffinamz
1164 2339 1205 2367 26
1229 2338 1336 2367 tendit
1364 2337 1473 2367 D‘T‘:

155 2380 298 2409 tetendit
318 2380 376 2410 L':
403 2381 578 2410 contendit
597 2392 614 2410 ν

1353 2434 1369 2441 ,-
