1705 2729
421 163 494 200 DE
526 162 706 200 BELLO
737 161 947 200 AFRICO
978 163 1146 199 LIBER

126 286 211 312 esse
243 272 516 318 firmissimam,
548 279 586 310 et
612 271 807 310 constitue
838 279 974 310 contra
1005 285 1093 316 me;
1131 285 1203 321 ego
1237 280 1368 310 autem
1400 286 1446 310 ex

125 336 222 375 meis
242 335 576 375 commilitonibus
597 349 696 385 quos
723 348 828 373 nunc
857 335 897 373 in
928 342 994 373 tua
1023 342 1132 373 tenes
1153 343 1345 385 potestate
1366 350 1445 374 non

122 400 290 451 amplius
312 413 339 438 X
360 414 523 439 sumam.
582 402 697 438 Tunc
724 414 770 438 ex
797 399 937 438 virtute
967 407 1099 438 nostra
1129 399 1328 449 intelleges
1350 400 1446 450 quid

123 478 170 503 ex
190 464 265 503 tuis
285 464 408 515 copiis
429 478 581 514 sperare
602 464 772 503 debeas.'

86 538 104 569 5
179 531 392 579 Postquam
449 530 546 567 haec
598 528 775 567 centurio
822 529 1016 579 praesenti
1072 529 1205 568 animo
1261 531 1445 569 adversus
1465 531 1521 577 46

123 593 351 643 opinionem
394 593 477 631 eius
517 600 575 631 est
622 594 785 639 locutus,
832 593 885 631 ira
933 593 1102 643 percitus
1151 593 1282 642 Scipio
1329 601 1447 643 atque

122 657 244 696 animi
272 659 407 696 dolore
428 657 610 696 incensus
632 657 757 695 innuit
784 657 1079 696 centurionibus
1100 657 1195 707 quid
1217 657 1298 696 fieri
1319 659 1445 704 vellet,

123 730 240 772 atque
268 730 359 760 ante
388 723 509 772 pedes
539 721 808 760 centurionem
844 722 1035 760 interfecit
1067 722 1317 772 reliquosque
1347 730 1448 761 vete-

124 800 238 825 ranos
267 801 290 825 a
319 786 509 825 tironibus
539 786 648 824 iubet
678 786 837 825 secerni.
919 786 1142 825 ‘Abducite
1170 787 1287 833 istos‚'
1308 786 1445 837 inquit,
1471 808 1484 828 „²

68 866 107 888 10
127 851 296 889 ‘nefario
335 852 479 889 scelere
517 850 805 890 contaminatos
835 858 872 889 et
902 852 1024 889 caede
1054 850 1197 889 civium
1228 851 1448 901 saginatos'

124 915 188 954 Sic
225 924 331 954 extra
358 917 502 954 vallum
541 915 701 954 deducti
740 923 828 954 sunt
869 923 907 954 et
947 915 1205 955 cruciabiliter
1243 916 1445 955 interfecti.

123 979 289 1018 Tirones
318 987 449 1018 autem
479 979 587 1018 iubet
618 979 716 1018 inter
746 980 919 1030 legiones
945 980 1138 1030 dispertiri
1159 988 1197 1018 et
1219 980 1447 1019 Cominium
1471 993 1488 1023 3

122 1057 212 1082 cum
243 1044 383 1083 Ticida
412 1044 451 1082 in
481 1052 738 1094 conspectum
770 1058 883 1083 suum
914 1045 1096 1094 prohibet
1125 1044 1280 1084 adduci.
1359 1047 1450 1094 Qua
1469 1061 1487 1089 4

123 1122 170 1147 ex
190 1121 229 1146 re
250 1110 394 1147 Caesar
414 1116 635 1147 commotus
660 1122 727 1147 eos
757 1122 857 1158 quos
887 1109 925 1147 in
957 1109 1190 1147 stationibus
1211 1123 1301 1147 curn
1323 1109 1449 1158 longis

67 1183 103 1215 15
124 1172 289 1211 navibus
308 1172 415 1222 apud
435 1174 639 1222 Thapsum
662 1173 864 1212 custodiae
882 1187 999 1212 causa
1020 1173 1057 1211 in
1081 1175 1162 1211 salo
1183 1186 1267 1212 esse
1288 1173 1449 1211 iusserat

123 1244 166 1275 ut
203 1236 282 1275 suis
320 1236 505 1274 onerariis
544 1237 749 1287 longisque
793 1237 958 1275 navibus
999 1237 1193 1286 praesidio
1224 1245 1364 1283 essent,
1397 1238 1448 1275 ob

123 1300 408 1351 neglegentiam
451 1301 689 1351 ignominiae
730 1315 846 1340 causa
891 1301 1148 1341 dimittendos
1189 1302 1239 1340 ab
1279 1301 1448 1340 exercitu

121 1366 471 1418 gravissimumque
501 1367 540 1405 in
570 1381 638 1406 eos
669 1367 841 1406 edictum
874 1369 1176 1418 proponendum
1208 1366 1365 1405 curavit.

177 1434 250 1470 Per
279 1431 319 1470 id
348 1439 502 1482 tempus
532 1434 612 1471 fere
643 1431 819 1472 Caesaris
851 1432 1035 1471 exercitui
1065 1446 1123 1471 res
1153 1431 1296 1470 accidit
1331 1431 1449 1469 incre-
1468 1443 1519 1481 47

65 1507 104 1529 ²0
122 1496 253 1536 dibilis
282 1496 429 1535 auditu.
490 1499 673 1548 Namque
694 1497 937 1547 vergiliarum
965 1497 1076 1547 signo
1097 1498 1278 1535 confecto
1299 1495 1450 1534 circiter

122 1562 250 1612 vigilia
279 1563 453 1601 secunda
483 1562 609 1601 noctis
639 1562 797 1601 nimbus
837 1576 927 1600 curn
957 1576 1071 1600 saxea
1099 1561 1288 1612 grandine
1319 1560 1449 1600 subito

121 1633 179 1665 est
200 1633 354 1664 exortus
375 1626 522 1676 ingens.
582 1628 646 1665 Ad
668 1628 743 1665 hoc
764 1633 896 1664 autem
914 1625 1211 1664 incommodum
1233 1632 1449 1664 accesserat
1472 1636 1485 1656 2

121 1692 229 1740 quod
265 1692 409 1730 Caesar
439 1705 519 1730 non
551 1705 659 1730 more
690 1691 932 1742 superiorum
962 1699 1183 1741 temporum
1210 1690 1248 1728 in
1277 1689 1449 1729 hibernis

121 1756 332 1794 exercitum
372 1756 612 1804 continebat,
656 1758 725 1795 sed
756 1756 794 1794 in
826 1755 939 1794 tertio
978 1764 1196 1806 quartoque
1226 1755 1289 1794 die
1319 1769 1451 1805 proce-

64 1831 100 1862 25
121 1822 255 1859 dendo
285 1821 524 1871 propiusque
555 1823 708 1860 hostem
751 1822 981 1860 accedendo
1020 1828 1145 1859 castra
1178 1820 1450 1859 communibat

121 1899 317 1935 opereque
338 1885 519 1925 faciendo
541 1886 683 1925 milites
705 1900 746 1925 se
775 1884 1117 1935 circumspiciendi
1143 1899 1223 1923 non
1251 1885 1450 1924 habebant

121 1951 355 1989 facultatem.
416 1953 619 1989 Praeterea
636 1951 689 1989 ita
710 1965 756 1990 ex
778 1950 908 1990 Sicilia
930 1950 1141 1989 exercitum
1163 1950 1450 2000 transportabat
1471 1963 1488 1993 3

120 2023 162 2054 ut
182 2024 332 2066 praeter
358 2016 487 2066 ipsum
518 2016 680 2056 militem
712 2025 750 2056 et
780 2030 887 2055 arrna
919 2030 991 2054 nec
1017 2029 1082 2053 vas
1111 2028 1184 2053 nec
1209 2014 1446 2065 mancipium

121 2095 249 2131 neque
275 2083 395 2120 ullam
422 2096 503 2121 rem
539 2097 640 2132 quae
673 2081 761 2120 usui
788 2081 900 2119 militi
930 2094 1014 2119 esse
1043 2078 1247 2118 consuevit
1271 2078 1310 2117 in
1341 2079 1449 2117 navis

63 2154 102 2184 30
120 2145 270 2196 imponi
299 2155 504 2197 pateretur.
577 2149 623 2185 In
651 2147 784 2186 Africa
813 2155 944 2185 autem
978 2160 1058 2185 non
1090 2146 1212 2184 modo
1242 2143 1314 2181 sibi
1344 2143 1450 2193 quic-
1468 2155 1488 2185 4

120 2224 237 2260 quam
269 2225 349 2250 non
378 2211 643 2262 adquisierant
672 2220 739 2251 aut
768 2219 997 2263 paraverant
1028 2213 1098 2250 sed
1136 2210 1253 2249 etiam
1292 2216 1450 2259 propter

163 2325 180 2353 7
206 2315 316 2345 innuit
336 2314 386 2345 V:
421 2316 539 2346 annuit
562 2319 625 2347 cett.
762 2326 802 2355 23
828 2321 1016 2355 temporum
1042 2315 1234 2355 Glandorpz
1269 2315 1446 2353 imperato-

120 2367 191 2387 rum
209 2357 247 2387 X
349 2368 391 2398 25
415 2359 661 2390 communiebat
677 2358 706 2388 L
833 2361 875 2389 26
899 2358 1190 2398 circumspiciendi
1208 2357 1254 2388 L2'
1273 2370 1278 2389 :
1309 2357 1447 2388 circum-

119 2400 293 2440 spiciendo
311 2400 348 2430 X
434 2412 476 2441 29
499 2413 561 2433 usu
579 2403 613 2432 D
700 2412 738 2441 31
766 2413 834 2434 non
852 2413 916 2433 om.
937 2401 1015 2432 DT'
