1705 2729
605 132 840 171 INCERTI
872 130 1153 170 AVCTORIS

152 253 196 293 14
271 246 373 283 Cum
401 243 597 293 utrimque
624 242 863 293 exspectatio
892 243 999 281 ficret
1027 255 1155 292 neque
1177 243 1320 282 Caesar
1345 255 1429 280 sese
1460 254 1538 280 mo-

215 316 320 346 veret
341 316 378 346 et
398 322 488 346 cum
511 321 670 346 suorum
691 307 887 358 paucitate
908 314 1043 346 contra
1064 320 1246 356 magnam
1266 306 1344 345 vim
1365 305 1537 345 hostium

214 372 376 410 artificio
407 372 528 421 magis
563 385 682 422 quam
712 371 858 411 viribus
892 372 1187 411 decernendum
1217 371 1376 418 videret,
1407 370 1539 410 subito

213 435 521 474 adversariorum
556 435 751 486 equitatus
786 449 871 475 sese
905 436 1114 474 extendere
1148 443 1185 474 et
1219 434 1258 473 in
1290 435 1535 474 latitudinem

213 514 443 550 promovere
475 501 665 551 collisque
696 500 906 551 complecti
941 508 978 539 et
1011 499 1188 539 Caesaris
1222 499 1440 550 equitatum
1479 511 1575 542 εὶς-5

214 573 373 604 tenuare
394 565 589 615 simulque
609 566 660 604 ad
676 565 1002 604 circumeundum
1016 577 1241 614 comparare
1257 577 1298 603 se
1314 571 1535 615 coeperant.

176 647 190 667 2
214 630 436 669 Caesariani
466 630 617 680 equites
648 644 784 669 eorum
814 628 1106 668 multitudinem
1137 642 1250 678 aegre
1279 628 1534 667 sustinebant.

212 695 329 734 Acies
364 695 517 734 interim
553 694 707 733 mediae
739 708 830 732 cum
865 707 1095 732 concurrere
1129 700 1374 740 conarentur,
1407 692 1539 732 subito

212 775 258 798 ex
283 760 493 799 condensis
521 759 656 798 turmis
683 759 836 810 pedites
858 758 1057 797 Numidae
1084 757 1177 797 levis
1204 765 1420 796 armaturae
1446 771 1537 796 cum

212 825 409 876 equitibus
430 832 662 875 procurrunt
684 832 721 863 et
746 824 846 862 inter
872 823 1104 873 legionarios
1131 822 1283 872 pedites
1310 821 1436 861 iacula
1461 822 1538 861 coi·
1561 836 1598 859 10

175 909 192 938 3
212 891 330 929 ciunt.
393 890 473 929 Hic
494 903 584 928 cum
607 888 831 929 Caesariani
859 888 898 926 in
927 902 994 927 eos
1022 887 1213 938 impetum
1241 887 1435 934 fecissent,
1457 887 1538 926 illo-

211 969 297 994 rum
324 955 475 1005 equites
505 954 749 1004 refugiebant
764 969 774 1002 3
809 953 961 1004 pedites
992 952 1146 991 interim
1177 951 1418 999 resistebant,
1441 952 1537 990 dum

213 1019 363 1069 equites
384 1032 514 1058 rursus
535 1033 650 1057 cursu
672 1026 859 1057 renovato
880 1017 1079 1068 peditibus
1103 1016 1180 1055 suis
1203 1024 1480 1055 succurrerent.

149 1090 192 1128 15
267 1086 411 1124 Caesar
431 1097 534 1123 novo
561 1098 703 1134 genere
730 1097 885 1134 pugnae
909 1084 1043 1122 oblato
1070 1095 1161 1121 cum
1188 1081 1364 1120 animum
1390 1082 1539 1121 advert-

211 1157 292 1187 eret
313 1148 469 1188 ordines
491 1162 650 1187 suorum
676 1148 715 1187 in
742 1149 1009 1198 procurrendo
1038 1145 1391 1196 turbari-pedites
1417 1146 1535 1194 enim,
1559 1165 1596 1198 15

210 1214 305 1251 dum
336 1212 486 1263 equites
516 1212 669 1262 longius
709 1227 731 1251 a
769 1212 888 1263 signis
924 1218 1221 1262 persequuntur,
1243 1212 1362 1249 latere
1387 1197 1538 1250 nudato

210 1291 232 1316 a
262 1277 447 1328 proximis
478 1277 663 1317 Numidis
692 1277 827 1316 iaculis
858 1277 1162 1316 vulnerabantur
1177 1290 1187 1324 3
1225 1275 1376 1326 equites
1405 1284 1537 1315 autem

210 1341 382 1380 hostium
421 1341 544 1392 pilum
589 1341 720 1381 militis
768 1355 882 1381 cursu
921 1342 1034 1381 facile
1073 1340 1423 1381 vitabant-edicit
1469 1354 1538 1391 per

209 1406 366 1445 ordines
399 1420 448 1445 ne
480 1406 566 1457 quis
599 1406 709 1445 miles
743 1408 793 1445 ab
826 1406 943 1457 signis
977 1419 1039 1444 1111
1072 1408 1193 1456 pedes
1223 1406 1376 1457 longius
1405 1419 1538 1457 proce-

173 1488 187 1509 2
209 1472 328 1510 deret.
390 1471 598 1521 Equitatus
619 1471 773 1510 interim
796 1471 961 1510 Labieni
991 1484 1150 1510 suorum
1173 1470 1424 1509 multitudine
1447 1484 1538 1509 con·
1558 1484 1598 1506 20

210 1537 302 1575 fisus
333 1536 510 1577 Caesaris
540 1536 778 1586 paucitatem
810 1536 971 1575 circuire
1003 1542 1109 1578 †non
1140 1540 1351 1577 conatur†:
1386 1536 1536 1587 equites

210 1601 351 1639 Iuliani
383 1601 497 1652 pauci
526 1601 776 1640 multitudine
809 1601 980 1640 hostium
1010 1602 1152 1641 defessi
1187 1601 1298 1652 equis
1327 1602 1537 1640 convulne-

170 1678 187 1708 3
209 1665 299 1704 ratis
320 1666 507 1716 paulatim
528 1667 693 1714 cedere3
723 1668 855 1705 hostes
889 1667 1010 1718 magis
1041 1667 1242 1718 magisque
1262 1667 1414 1706 instare.
1475 1668 1537 1705 Ita

207 1738 356 1780 puncto
390 1730 576 1781 temporis
606 1731 790 1770 omnibus
823 1731 1042 1782 legionariis
1071 1733 1121 1771 ab
1152 1732 1325 1771 hostium
1359 1731 1536 1782 equitatu

207 1795 482 1834 circumventis
513 1795 769 1846 Caesarisque
800 1796 923 1847 copiis
954 1797 993 1836 in
1023 1799 1159 1837 orbem
1190 1796 1402 1848 compulsis
1436 1795 1536 1835 intra
1556 1807 1593 1839 25

207 1862 403 1899 cancellos
425 1874 563 1899 omnes
584 1860 751 1900 coniecti
774 1876 947 1913 pugnare
968 1864 1218 1914 cogebantur.

139 1925 187 1963 16
263 1924 461 1963 Labienus
500 1925 539 1963 in
579 1939 682 1976 equo
717 1927 845 1977 capite
880 1929 989 1968 nudo
1021 1929 1159 1967 versari
1196 1929 1235 1967 in
1269 1929 1395 1979 prima
1426 1928 1535 1977 acie3

206 1988 321 2027 simul
356 2003 447 2028 suos
482 1991 687 2038 cohortari,
723 2005 803 2030 non
842 2006 1059 2044 numquam
1093 1993 1324 2044 legionarios
1357 1994 1534 2034 Caesaris

205 2053 257 2091 ita
290 2055 508 2104 appellare:
554 2055 685 2105 ‘Quid
716 2058 781 2103 tu‚'
811 2056 948 2107 inquit,
984 2058 1115 2097 ‘miles
1145 2058 1247 2097 tiro?
1303 2061 1404 2097 Tam
1438 2060 1534 2097 fero-

203 2119 313 2156 culus
334 2120 405 2156 es?
461 2121 543 2158 Vos
565 2133 725 2170 quoque
746 2120 818 2160 iste
838 2120 964 2160 verbis
985 2121 1216 2161 infatuavit?
1274 2124 1321 2162 In
1346 2136 1532 2173 magnum
1553 2129 1594 2160 30

167 2201 181 2221 2
203 2183 427 2222 mehercule
449 2197 518 2222 vos
547 2184 764 2234 periculum
794 2185 957 2236 impulit.
1020 2186 1211 2226 Misereor
1231 2187 1370 2227 vestri.’
1427 2189 1532 2226 Tum

250 2296 262 2316 1
290 2296 366 2317 sese
385 2291 536 2318 moveret
554 2285 709 2328 Lrpsizts:
734 2298 772 2319 se
790 2294 980 2320 removeret
996 2288 1033 2320 X
1149 2300 1168 2329 5
1193 2295 1379 2322 extenuare
1394 2289 1530 2332 Stepha-

203 2339 267 2359 nus
283 2341 289 2360 :
315 2331 491 2361 extenuari
509 2329 547 2359 X
688 2332 709 2361 6
733 2337 918 2372 coeperunt
935 2337 956 2362 λ
1086 2334 1123 2364 16
1147 2339 1397 2374 prosequuntur
1412 2339 1434 2364 λ
1451 2333 1529 2374 V(?)

203 2383 241 2402 21
270 2384 335 2404 non
360 2379 498 2406 conatur
511 2371 601 2404 D'T‘
618 2386 624 2405 z
649 2385 716 2405 non
729 2385 792 2406 om.
808 2375 849 2405 L'
866 2388 872 2406 :
897 2387 962 2406 non
980 2381 1125 2408 moratur
1137 2375 1316 2418 Nipperdey
1489 2387 1531 2417 23

203 2416 310 2447 hostis
327 2418 350 2451 β
471 2427 511 2455 24
524 2420 600 2457 post
616 2420 776 2457 temporis
794 2418 868 2450 add.
880 2420 995 2450 horae
1012 2422 1034 2453 β
