1705 2729
453 143 526 179 DE
558 141 738 180 BELLO
768 140 977 179 AFRICO
1009 142 1178 178 LIBER

148 261 272 291 castra
292 254 504 298 reduceret,
528 265 670 301 magno
690 251 846 288 incursu
873 264 963 288 cum
991 250 1099 288 omni
1124 250 1297 299 equitatu
1319 250 1472 300 levique

147 325 342 355 armatura
375 317 485 363 Iuba,
519 315 661 365 Scipio,
697 314 895 353 Labienus
934 314 972 352 in
1011 314 1242 363 legionarios
1281 314 1470 364 impetum

147 383 331 420 fecerunt.
411 381 573 431 Equites
624 379 846 420 Caesariani
898 379 934 417 vi
987 379 1188 417 universae
1240 379 1471 428 subitaeque
1494 398 1508 418 2

148 446 318 484 hostium
350 445 610 484 multitudinis
640 445 740 495 pulsi
770 458 977 494 parumper
1003 452 1212 482 cesserunt.
1273 445 1385 491 Quae
1413 456 1472 480 res
1494 455 1510 483 3

109 527 126 557 5
146 510 256 548 aliter
283 510 511 548 adversariis
538 509 705 548 cecidit:
735 522 906 558 namque
927 510 1071 548 Caesar
1101 522 1147 547 ex
1176 507 1307 546 medio
1337 507 1472 546 itinere

146 574 269 624 copiis
294 574 463 612 reductis
489 573 686 624 equitibus
713 573 791 611 suis
818 572 1003 611 auxilium
1030 572 1140 619 tulit,
1170 571 1320 622 equites
1340 579 1471 610 autem

146 640 318 676 adventu
338 639 537 688 legionum
558 638 691 676 animo
710 637 847 676 addito
869 637 1065 676 conversis
1086 636 1196 686 equis
1217 636 1255 674 in
1278 636 1472 674 Numidas

147 703 290 754 cupide
310 703 552 753 insequentis
573 703 848 753 dispersosque
869 702 1059 752 impetum
1081 703 1254 740 fecerunt
1270 709 1388 751 atque
1405 714 1472 739 eos

147 769 447 806 convulneratos
474 781 599 817 usque
629 767 668 804 in
698 774 822 805 castra
848 766 951 816 regia
975 767 1225 816 reppulerunt
1250 767 1472 814 multosque

90 848 128 870 10
147 846 192 870 ex
216 832 271 870 eis
295 831 579 870 interfecerunt.
641 832 761 880 Quod
790 830 863 869 nisi
893 830 932 868 in
962 838 1119 869 noctem
1149 830 1340 880 proelium
1372 836 1472 867 esset
1492 841 1510 870 4

145 896 368 935 coniectum
396 896 602 946 pulvisque
622 903 739 934 vento
769 897 892 934 elatus
922 895 1099 934 omnium
1129 894 1351 945 prospectui
1383 895 1473 932 offe-

145 960 272 1007 cisset,
315 961 414 998 Iuba
456 974 545 998 cum
587 960 763 998 Labieno
801 959 903 1009 capti
942 959 981 997 in
1020 967 1253 1008 potestatem
1294 958 1471 998 Caesaris

145 1024 353 1071 venissent,
377 1025 652 1075 equitatusque
672 1038 762 1062 cum
784 1024 857 1062 levi
878 1032 1072 1062 armatura
1091 1024 1267 1062 funditus
1287 1025 1337 1062 ad
1359 1023 1472 1062 inter-

146 1089 353 1128 necionem
367 1091 519 1128 deletus
536 1097 647 1128 esset.
693 1089 854 1127 Interim
872 1089 1149 1128 incredibiliter
1166 1103 1211 1127 ex
1227 1089 1380 1138 legione
1395 1101 1468 1126 1111.
1492 1106 1509 1137 5

88 1171 123 1202 15
145 1162 183 1192 et
205 1167 255 1192 vl.
280 1154 473 1204 Scipionis
503 1155 644 1193 milites
676 1154 863 1203 diffugere
893 1154 1032 1203 partim
1063 1154 1101 1191 in
1131 1161 1256 1192 castra
1280 1153 1469 1199 Caesaris,

144 1219 282 1268 partim
305 1219 344 1257 in
365 1233 461 1269 quas
483 1219 649 1269 quisque
669 1226 820 1268 poterat
842 1218 1018 1268 regiones
1039 1218 1239 1267 pervenire
1255 1233 1263 1265 3
1298 1217 1471 1266 itemque

144 1283 294 1333 equites
316 1283 544 1323 Curioniani
571 1282 686 1322 diffisi
714 1282 886 1333 Scipioni
914 1282 1076 1332 eiusque
1103 1281 1225 1332 copiis
1250 1283 1471 1331 complures

143 1361 184 1386 se
214 1349 356 1386 eodem
386 1348 650 1387 conferebant.

198 1415 304 1450 Dum
335 1414 431 1451 haec
461 1412 606 1450 circum
631 1412 802 1452 Uzittam
832 1414 882 1451 ab
913 1412 1086 1462 utrisque
1115 1411 1282 1450 ducibus
1308 1411 1471 1450 admini-
1490 1417 1542 1455 53

85 1493 123 1514 20
142 1484 319 1523 strantur,
343 1476 515 1527 legiones
536 1478 648 1523 duae,
672 1489 710 1514 x.
734 1485 772 1515 et
797 1489 914 1523 V1111.‚
937 1491 983 1515 ex
1004 1476 1133 1515 Sicilia
1154 1476 1318 1514 navibus
1339 1490 1471 1514 onera-

142 1541 205 1579 riis
221 1543 428 1591 profectae,
445 1555 535 1579 cum
557 1541 633 1579 iam
656 1555 735 1579 non
757 1543 872 1591 longe
888 1555 910 1579 a
925 1549 1040 1591 portu
1058 1540 1259 1590 Ruspinae
1275 1541 1467 1587 abessent,

141 1605 356 1655 conspicati
378 1606 486 1644 navis
503 1605 756 1645 Caesarianas
778 1619 879 1655 quae
900 1605 939 1643 in
961 1605 1127 1644 statione
1146 1606 1252 1655 apud
1266 1606 1469 1654 Thapsum

142 1671 308 1717 stabant,
331 1670 440 1708 veriti
472 1684 521 1709 ne
553 1670 592 1708 in
622 1670 930 1709 adversariorum
958 1678 1000 1708 ut
1026 1669 1238 1708 insidiandi
1266 1669 1386 1719 gratia
1415 1669 1468 1707 ibi

141 1735 470 1773 commorantium
487 1737 650 1773 classem
667 1734 884 1773 inciderent
900 1735 1178 1785 imprudentes,
1194 1736 1279 1772 vela
1294 1733 1333 1771 in
1347 1735 1467 1771 altum

83 1817 121 1848 ²5
141 1800 335 1838 dederunt
373 1813 418 1838 ac
452 1800 520 1838 diu
560 1802 807 1850 multumque
844 1799 974 1838 iactati
1012 1801 1172 1838 tandem
1212 1798 1342 1836 multis
1381 1807 1469 1848 post

141 1864 280 1902 diebus
302 1864 363 1902 siti
384 1865 595 1915 inopiaque
616 1865 784 1903 confecti
805 1866 856 1903 ad
877 1866 1085 1904 Caesarem
1106 1863 1347 1914 perveniunt.

195 1929 350 1977 Quibus
388 1929 607 1980 legionibus
646 1930 831 1980 expositis
870 1944 1021 1968 memor
1059 1929 1098 1967 in
1135 1928 1247 1966 Italia
1284 1928 1468 1978 pristinae
1487 1935 1538 1974 54

140 1992 319 2032 licentiae
335 1993 508 2032 militaris
528 2008 574 2033 ac
594 1994 816 2045 rapinarum
833 2003 1027 2033 certorum
1044 1993 1249 2032 hominum
1267 1995 1467 2043 parvulam

142 2059 263 2096 modo
292 2060 492 2097 causulam
522 2067 659 2097 nactus
690 2061 845 2106 Caesar,
868 2059 977 2108 quod
1007 2059 1050 2097 C.
1075 2057 1260 2103 Avienus,
1289 2057 1467 2095 tribunus

84 2138 123 2168 30
142 2121 308 2160 militum
329 2134 367 2160 X.
391 2122 566 2172 legionis,
589 2136 729 2161 navem
758 2137 805 2161 ex
833 2130 1057 2161 commeatu
1086 2121 1231 2159 familia
1255 2135 1324 2159 sua
1349 2129 1467 2171 atque

187 2236 201 2256 1
227 2226 361 2266 levique
378 2226 441 2257 L‘:
465 2227 615 2266 levisque
632 2226 714 2257 DT1
734 2238 741 2257 t
773 2227 855 2257 levis
877 2225 907 2255 V
1036 2236 1054 2255 2
1080 2229 1267 2255 armaturae
1288 2224 1319 2253 V
1428 2235 1463 2255 11

140 2268 249 2300 elatus
271 2269 487 2302 Cornelissen:
522 2271 619 2300 ssatus
639 2268 677 2299 X
809 2280 846 2308 14
873 2269 1008 2308 legione
1035 2269 1093 2299 T‘:
1126 2269 1188 2307 leg.
1215 2272 1278 2298 cett.
1429 2278 1464 2307 17

141 2313 337 2344 Curioniani
355 2312 490 2353 Lipsius
505 2326 511 2344 :
537 2314 674 2344 Curiani
692 2311 727 2342 X
818 2323 859 2343 22
884 2313 1098 2352 conspicatae
1115 2311 1182 2340 LV
1275 2321 1315 2351 27
1341 2320 1467 2341 memor

142 2361 169 2386 Δ
188 2368 195 2386 t
220 2367 331 2387 meror
347 2355 384 2386 X
470 2368 512 2396 29
536 2358 661 2388 Caesar
677 2358 766 2396 quod
784 2358 821 2388 C.
842 2357 994 2387 Avienus
1011 2355 1199 2395 Stephanus
1216 2367 1221 2385 :
1246 2356 1332 2394 quod
1352 2365 1466 2385 caesar

140 2400 282 2430 avienus
297 2399 335 2429 X
472 2410 515 2439 30
538 2404 612 2431 ante
628 2405 815 2431 commeatu
833 2400 908 2432 add.
928 2410 971 2431 ex
988 2399 1249 2429 Forclzlmmmer
