1705 2729
628 142 671 182 C.
707 143 822 180 IVLI
855 144 1123 182 CAESARIS

175 251 362 301 Greliqua
400 260 441 290 ut
475 259 654 302 poterant
695 252 948 291 incommoda
988 267 1054 302 per
1094 267 1133 292 se
1173 255 1428 295 sustinebant.
1491 259 1540 295 Et

214 317 331 365 longo
374 316 604 366 interposito
647 317 773 367 spatio
818 331 909 356 cum
955 318 1188 357 diuturnitas
1235 321 1540 371 oppugnationis

214 382 522 431 neglegentiores
544 382 782 421 Octavianos
810 382 1012 429 effecisset,
1036 384 1139 421 nacti
1161 384 1410 424 occasionem
1432 386 1542 425 meri-

213 445 319 484 diani
341 447 526 496 temporis
547 447 721 486 discessu
739 461 874 486 eorum
895 448 1024 498 pueris
1047 448 1352 500 mulieribusque
1368 450 1406 488 in
1428 465 1541 489 muro

213 510 422 560 dispositis,
457 525 504 549 ne
537 511 631 561 quid
665 511 885 551 cotidianae
917 513 1214 552 consuetudinis
1244 514 1538 563 desideraretur,
1562 527 1580 559 5

213 574 285 625 ipsi
321 589 438 613 manu
470 577 569 614 facta
600 590 689 614 cum
720 576 774 615 eis
805 591 903 627 quos
934 591 1057 627 nuper
1088 578 1255 616 maxime
1284 579 1540 618 liberaverant

178 652 192 685 γ
214 638 252 676 in
273 639 448 688 proxima
470 641 607 679 Octavi
630 649 753 679 castra
775 641 1003 692 irruperunt.
1057 642 1132 680 His
1154 643 1382 693 expugnatis
1398 645 1539 682 eodem

213 703 362 754 impetu
391 706 511 743 altera
531 713 621 744 sunt
645 706 782 753 adorti,
806 706 899 745 inde
924 707 1034 745 tertia
1055 715 1093 745 et
1122 716 1258 757 quarta
1286 716 1323 746 et
1353 707 1541 758 deinceps

212 769 371 819 reliqua,
390 770 653 819 omnibusque
670 784 736 808 eos
758 771 891 809 castris
908 773 1138 821 expulerunt
1154 779 1191 810 et
1213 785 1355 822 magno
1377 786 1540 811 numero

213 833 417 872 interfecto
438 834 607 884 reliquos
627 843 744 885 atque
765 835 893 885 ipsum
916 836 1124 875 Octavium
1146 837 1185 874 in
1207 837 1314 875 navis
1331 839 1541 888 confugere
1565 851 1603 872 ιο

174 911 191 939 8
212 907 433 949 coegerunt.
490 898 588 951 [Hic
609 899 679 938 fuit
696 900 1000 950 oppugnationis
1021 900 1174 953 exitus]
1230 904 1394 951 Iamque
1415 901 1540 940 hiems

212 965 553 1016 appropinquabat
593 973 630 1004 et
676 965 792 1004 tantis
838 966 1082 1005 detrimentis
1139 967 1309 1017 acceptis
1352 967 1540 1007 Octavius

214 1031 418 1080 desperata
448 1030 741 1081 oppugnatione
772 1031 908 1082 oppidi
942 1031 1201 1081 Dyrrachium
1231 1046 1316 1071 sese
1344 1034 1396 1072 ad
1426 1035 1540 1072 Pom-

212 1094 345 1144 peium
367 1095 522 1145 recepit.

146 1165 191 1193 10
268 1159 633 1198 Demonstravimus
675 1162 715 1198 L.
758 1160 975 1199 Vibullium
1021 1163 1180 1209 Rufum,
1223 1164 1387 1214 Pompei
1435 1178 1540 1215 prae·
1565 1175 1600 1207 15

212 1225 368 1271 fectum,
391 1223 451 1263 bis
481 1224 520 1262 in
548 1232 782 1274 potestatem
812 1226 1034 1276 pervenisse
1065 1228 1242 1266 Caesaris
1271 1237 1389 1279 atque
1417 1230 1468 1268 ab
1493 1243 1541 1268 eo

211 1302 296 1327 esse
327 1288 543 1336 dimissum,
577 1291 697 1328 semel
736 1291 787 1329 ad
820 1291 1051 1338 Corfinium,
1086 1292 1225 1331 iterum
1257 1293 1296 1331 in
1333 1294 1537 1344 Hispania.

174 1370 189 1392 2
213 1356 335 1392 Hunc
356 1367 425 1404 pro
446 1354 525 1392 suis
550 1354 750 1393 beneficiis
773 1357 917 1395 Caesar
946 1356 1135 1394 idoneum
1164 1357 1402 1397 iudicaverat
1422 1372 1541 1409 quem

210 1433 300 1458 cum
323 1419 516 1458 mandatis
537 1421 587 1458 ad
609 1421 680 1459 Cn.
702 1421 936 1471 Pompeium
959 1421 1139 1470 mitteret,
1163 1425 1415 1474 eundemque
1434 1425 1541 1475 apud

173 1495 190 1525 3
211 1485 282 1523 Cn.
326 1484 560 1534 Pompeium
605 1485 876 1524 auctoritatem
921 1487 1065 1525 habere
1109 1488 1369 1539 intellegebat.
1448 1492 1541 1528 Erat
1564 1504 1604 1526 20

209 1556 340 1587 autem
369 1550 466 1587 haec
493 1563 646 1587 summa
676 1552 975 1589 mandatorum:
1019 1553 1164 1591 debere
1194 1561 1404 1604 utrumque
1430 1557 1543 1605 perti-

211 1613 345 1651 naciae
376 1614 495 1651 finem
528 1615 654 1653 facere
684 1622 721 1653 et
755 1616 805 1653 ab
837 1616 953 1654 armis
983 1616 1186 1656 discedere
1216 1631 1344 1668 neque
1373 1619 1542 1669 amplius

171 1689 191 1719 4
210 1680 405 1717 fortunam
423 1678 638 1729 periclitari.
691 1680 791 1718 Satis
813 1694 897 1720 esse
914 1695 1055 1732 magna
1076 1682 1270 1732 utrimque
1287 1682 1543 1723 incommoda

210 1751 380 1793 accepta,
406 1757 506 1793 quae
526 1757 596 1794 pro
619 1744 825 1794 disciplina
846 1754 883 1784 et
914 1747 1130 1796 praeceptis
1152 1748 1297 1786 habere
1318 1756 1479 1798 possent
1500 1757 1542 1787 ut

173 1819 189 1850 5
211 1808 380 1858 reliquos
397 1822 508 1847 casus
530 1809 711 1848 timerent
731 1826 736 1848 :
768 1810 878 1848 illum
901 1811 1013 1850 Italia
1029 1813 1234 1862 expulsum
1249 1812 1392 1851 amissa
1412 1812 1543 1852 Sicilia
1564 1827 1600 1859 25

211 1882 247 1912 et
288 1874 465 1912 Sardinia
504 1875 739 1925 duabusque
776 1876 981 1926 Hispaniis
1016 1884 1054 1915 et
1093 1877 1320 1916 cohortibus
1354 1878 1395 1916 in
1428 1877 1542 1916 Italia

209 1946 327 1988 atque
363 1938 557 1989 Hispania
593 1939 736 1978 civium
770 1942 1043 1980 Romanorum
1079 1949 1237 1980 centum
1271 1950 1389 1992 atque
1428 1954 1541 1989 XXX3

211 2016 251 2040 se
273 2010 396 2041 morte
417 2003 599 2042 Curionis
622 2012 659 2042 et
681 2003 916 2043 detrimento
934 2005 1107 2043 Africani
1128 2005 1317 2044 exercitus
1338 2014 1376 2044 et
1392 2006 1541 2045 Antoni

173 2073 192 2104 6
212 2067 458 2118 militumque
491 2069 693 2108 deditione
724 2071 775 2108 ad
808 2070 1019 2110 Curictam.
1091 2071 1261 2110 Proinde
1300 2071 1372 2110 sibi
1407 2085 1454 2110 ac
1487 2072 1541 2110 rei

211 2132 391 2182 publicae
412 2142 624 2183 parcerent,
644 2148 725 2172 cum
746 2142 937 2184 quantum
958 2135 997 2173 in
1015 2136 1119 2174 bello
1135 2137 1291 2174 fortuna
1311 2144 1443 2186 posset
1463 2137 1540 2174 iam
1562 2149 1603 2180 30

258 2246 293 2267 11
323 2237 388 2267 Hic
406 2261 412 2267 .
434 2262 439 2268 .
462 2259 468 2267 .
487 2237 597 2267 exitus
615 2248 669 2268 om
699 2238 731 2268 E
746 2242 775 2268 et
790 2238 875 2269 codd.
895 2249 965 2269 rece.
1082 2249 1118 2269 12
1143 2240 1292 2278 acceptis
1313 2239 1370 2270 U':
1397 2240 1541 2279 receptis

213 2283 276 2311 cell.
384 2291 421 2320 19
448 2281 658 2320 eundemque
676 2283 698 2315 β
715 2293 721 2312 :
746 2282 959 2321 eandemque
975 2281 1009 2311 D
1024 2293 1031 2312 ;
1057 2283 1197 2313 eandem
1214 2283 1246 2313 E
1348 2284 1390 2312 26
1414 2283 1446 2313 in
1465 2282 1538 2313 add.

217 2321 420 2354 Vascosanzts
598 2325 638 2354 28
663 2335 698 2354 se
715 2329 756 2354 λε
784 2336 802 2355 a
827 2325 867 2356 T:
893 2336 957 2356 0111.
978 2329 1040 2355 cett.
1196 2331 1229 2357 ct
1246 2326 1374 2356 Antoni
1391 2326 1539 2357 Kmner:

213 2371 305 2438 {anto
320 2366 360 2439 A}
451 2377 492 2406 29
517 2367 687 2398 Curictam
706 2367 894 2399 Mommsen
909 2380 914 2398 :
941 2369 1124 2408 Corcyram
1142 2368 1179 2398 X
1307 2380 1349 2408 30
1373 2380 1446 2400 cum
1464 2369 1540 2400 add.

241 2409 347 2449 ’φρενί
358 2420 392 2448 ey
