<?xml version="1.0" encoding="UTF-8"?>
<!DOCTYPE html PUBLIC "-//W3C//DTD XHTML 1.0 Transitional//EN"
    "http://www.w3.org/TR/xhtml1/DTD/xhtml1-transitional.dtd">
<html xmlns="http://www.w3.org/1999/xhtml" xml:lang="en" lang="en">
 <head>
  <title>
</title>
<meta http-equiv="Content-Type" content="text/html;charset=utf-8" />
  <meta name='ocr-system' content='tesseract 3.04.00' />
  <meta name='ocr-capabilities' content='ocr_page ocr_carea ocr_par ocr_line ocrx_word'/>
</head>
<body>
  <div class='ocr_page' id='page_1' title='image "./commentariorumpa02caesuoft_0240.png"; bbox 0 0 1705 2729; ppageno 0'>
   <div class='ocr_carea' id='block_1_1' title="bbox 629 158 1177 198">
    <p class='ocr_par' dir='ltr' id='par_1_1' title="bbox 629 158 1177 198">
     <span class='ocr_line' id='line_1_1' title="bbox 629 158 1177 198; baseline -0.002 -2"><span class='ocrx_word' id='word_1_1' title='bbox 629 159 864 198; x_wconf 87' lang='lat' dir='ltr'>INCERTI</span> <span class='ocrx_word' id='word_1_2' title='bbox 897 158 1177 197; x_wconf 78' lang='lat' dir='ltr'>AVCTORIS</span> 
     </span>
    </p>
   </div>
   <div class='ocr_carea' id='block_1_2' title="bbox 164 268 1622 2129">
    <p class='ocr_par' dir='ltr' id='par_1_2' title="bbox 240 268 1564 384">
     <span class='ocr_line' id='line_1_2' title="bbox 241 268 1564 320; baseline -0.003 -11"><span class='ocrx_word' id='word_1_3' title='bbox 241 284 360 320; x_wconf 89' lang='lat' dir='ltr'>eques</span> <span class='ocrx_word' id='word_1_4' title='bbox 386 273 599 316; x_wconf 84' lang='lat' dir='ltr'>Romanus,</span> <span class='ocrx_word' id='word_1_5' title='bbox 623 271 673 308; x_wconf 89' lang='lat' dir='ltr'>ab</span> <span class='ocrx_word' id='word_1_6' title='bbox 703 270 857 308; x_wconf 87' lang='lat' dir='ltr'>residua</span> <span class='ocrx_word' id='word_1_7' title='bbox 878 271 1000 308; x_wconf 83' lang='lat' dir='ltr'>classe</span> <span class='ocrx_word' id='word_1_8' title='bbox 1021 282 1111 307; x_wconf 90' lang='lat' dir='ltr'>cum</span> <span class='ocrx_word' id='word_1_9' title='bbox 1133 268 1334 306; x_wconf 85' lang='lat' dir='ltr'><strong>erravisset</strong></span> <span class='ocrx_word' id='word_1_10' title='bbox 1354 268 1564 317; x_wconf 86' lang='lat' dir='ltr'>delataque</span> 
     </span>
     <span class='ocr_line' id='line_1_3' title="bbox 240 331 1564 384; baseline -0.004 -10"><span class='ocrx_word' id='word_1_11' title='bbox 240 344 341 374; x_wconf 85' lang='lat' dir='ltr'>esset</span> <span class='ocrx_word' id='word_1_12' title='bbox 373 344 490 374; x_wconf 88' lang='lat' dir='ltr'>vento</span> <span class='ocrx_word' id='word_1_13' title='bbox 522 337 572 373; x_wconf 91' lang='lat' dir='ltr'>ad</span> <span class='ocrx_word' id='word_1_14' title='bbox 607 336 809 384; x_wconf 82' lang='lat' dir='ltr'>Thapson,</span> <span class='ocrx_word' id='word_1_15' title='bbox 840 348 863 372; x_wconf 90' lang='lat' dir='ltr'>a</span> <span class='ocrx_word' id='word_1_16' title='bbox 891 333 1064 383; x_wconf 86' lang='lat' dir='ltr'>Vergilio</span> <span class='ocrx_word' id='word_1_17' title='bbox 1099 332 1254 383; x_wconf 88' lang='lat' dir='ltr'>scaphis</span> <span class='ocrx_word' id='word_1_18' title='bbox 1295 331 1564 381; x_wconf 89' lang='lat' dir='ltr'>naviculisque</span> 
     </span>
    </p>

    <p class='ocr_par' dir='ltr' id='par_1_3' title="bbox 205 395 1601 707">
     <span class='ocr_line' id='line_1_4' title="bbox 205 395 1563 448; baseline -0.004 -10"><span class='ocrx_word' id='word_1_19' title='bbox 205 417 217 438; x_wconf 87' lang='lat'><strong>2</strong></span> <span class='ocrx_word' id='word_1_20' title='bbox 239 400 419 438; x_wconf 82' lang='lat' dir='ltr'>actuariis</span> <span class='ocrx_word' id='word_1_21' title='bbox 441 406 604 448; x_wconf 87' lang='lat' dir='ltr'>excepta</span> <span class='ocrx_word' id='word_1_22' title='bbox 633 406 690 437; x_wconf 90' lang='lat' dir='ltr'>est</span> <span class='ocrx_word' id='word_1_23' title='bbox 721 406 758 436; x_wconf 93' lang='lat' dir='ltr'>et</span> <span class='ocrx_word' id='word_1_24' title='bbox 787 399 968 436; x_wconf 87' lang='lat' dir='ltr'>adducta.</span> <span class='ocrx_word' id='word_1_25' title='bbox 1030 399 1131 435; x_wconf 91' lang='lat' dir='ltr'>Item</span> <span class='ocrx_word' id='word_1_26' title='bbox 1162 398 1282 434; x_wconf 86' lang='lat' dir='ltr'>altera</span> <span class='ocrx_word' id='word_1_27' title='bbox 1311 395 1419 434; x_wconf 87' lang='lat' dir='ltr'>navis</span> <span class='ocrx_word' id='word_1_28' title='bbox 1441 395 1563 434; x_wconf 85' lang='lat' dir='ltr'>trieris</span> 
     </span>
     <span class='ocr_line' id='line_1_5' title="bbox 239 460 1564 511; baseline -0.003 -9"><span class='ocrx_word' id='word_1_29' title='bbox 239 478 286 502; x_wconf 86' lang='lat' dir='ltr'>ex</span> <span class='ocrx_word' id='word_1_30' title='bbox 315 465 454 502; x_wconf 89' lang='lat' dir='ltr'>eadem</span> <span class='ocrx_word' id='word_1_31' title='bbox 485 465 608 502; x_wconf 87' lang='lat' dir='ltr'>classe</span> <span class='ocrx_word' id='word_1_32' title='bbox 638 463 858 501; x_wconf 86' lang='lat' dir='ltr'>errabunda</span> <span class='ocrx_word' id='word_1_33' title='bbox 887 476 932 501; x_wconf 89' lang='lat' dir='ltr'>ac</span> <span class='ocrx_word' id='word_1_34' title='bbox 960 469 1192 511; x_wconf 73' lang='lat' dir='ltr'>tempestate</span> <span class='ocrx_word' id='word_1_35' title='bbox 1223 462 1351 499; x_wconf 86' lang='lat' dir='ltr'>delata</span> <span class='ocrx_word' id='word_1_36' title='bbox 1379 461 1430 499; x_wconf 89' lang='lat' dir='ltr'>ad</span> <span class='ocrx_word' id='word_1_37' title='bbox 1451 460 1564 510; x_wconf 87' lang='lat' dir='ltr'>Aegi-</span> 
     </span>
     <span class='ocr_line' id='line_1_6' title="bbox 240 524 1601 575; baseline -0.003 -9"><span class='ocrx_word' id='word_1_38' title='bbox 240 542 394 567; x_wconf 89' lang='lat' dir='ltr'><strong>murum</strong></span> <span class='ocrx_word' id='word_1_39' title='bbox 421 542 444 567; x_wconf 90' lang='lat' dir='ltr'>a</span> <span class='ocrx_word' id='word_1_40' title='bbox 471 530 595 567; x_wconf 90' lang='lat' dir='ltr'>classe</span> <span class='ocrx_word' id='word_1_41' title='bbox 619 528 711 566; x_wconf 80' lang='lat' dir='ltr'>Vari</span> <span class='ocrx_word' id='word_1_42' title='bbox 733 536 771 566; x_wconf 89' lang='lat' dir='ltr'>et</span> <span class='ocrx_word' id='word_1_43' title='bbox 797 530 852 565; x_wconf 91' lang='lat' dir='ltr'>M.</span> <span class='ocrx_word' id='word_1_44' title='bbox 877 527 1016 567; x_wconf 88' lang='lat' dir='ltr'>Octavi</span> <span class='ocrx_word' id='word_1_45' title='bbox 1038 534 1095 565; x_wconf 85' lang='lat' dir='ltr'>est</span> <span class='ocrx_word' id='word_1_46' title='bbox 1116 534 1240 575; x_wconf 88' lang='lat' dir='ltr'>capta,</span> <span class='ocrx_word' id='word_1_47' title='bbox 1263 526 1302 564; x_wconf 94' lang='lat' dir='ltr'>in</span> <span class='ocrx_word' id='word_1_48' title='bbox 1324 538 1402 574; x_wconf 89' lang='lat' dir='ltr'>qua</span> <span class='ocrx_word' id='word_1_49' title='bbox 1422 524 1564 563; x_wconf 83' lang='lat' dir='ltr'>milites</span> <span class='ocrx_word' id='word_1_50' title='bbox 1584 538 1601 569; x_wconf 89' lang='lat'>5</span> 
     </span>
     <span class='ocr_line' id='line_1_7' title="bbox 238 590 1564 637; baseline -0.004 -6"><span class='ocrx_word' id='word_1_51' title='bbox 238 593 408 631; x_wconf 88' lang='lat' dir='ltr'>veterani</span> <span class='ocrx_word' id='word_1_52' title='bbox 435 607 525 631; x_wconf 89' lang='lat' dir='ltr'>cum</span> <span class='ocrx_word' id='word_1_53' title='bbox 556 606 636 631; x_wconf 91' lang='lat' dir='ltr'>uno</span> <span class='ocrx_word' id='word_1_54' title='bbox 666 592 895 631; x_wconf 80' lang='lat' dir='ltr'>centurione</span> <span class='ocrx_word' id='word_1_55' title='bbox 925 600 962 630; x_wconf 89' lang='lat' dir='ltr'>et</span> <span class='ocrx_word' id='word_1_56' title='bbox 992 606 1071 629; x_wconf 91' lang='lat' dir='ltr'>non</span> <span class='ocrx_word' id='word_1_57' title='bbox 1102 591 1198 628; x_wconf 89' lang='lat' dir='ltr'>nulli</span> <span class='ocrx_word' id='word_1_58' title='bbox 1219 590 1363 628; x_wconf 91' lang='lat' dir='ltr'>tirones</span> <span class='ocrx_word' id='word_1_59' title='bbox 1384 591 1564 637; x_wconf 70' lang='lat' dir='ltr'>fuerunt,</span> 
     </span>
     <span class='ocr_line' id='line_1_8' title="bbox 237 653 1563 707; baseline -0.003 -12"><span class='ocrx_word' id='word_1_60' title='bbox 237 670 337 707; x_wconf 90' lang='lat' dir='ltr'>quos</span> <span class='ocrx_word' id='word_1_61' title='bbox 358 660 484 695; x_wconf 82' lang='lat' dir='ltr'>Varus</span> <span class='ocrx_word' id='word_1_62' title='bbox 504 665 719 695; x_wconf 89' lang='lat' dir='ltr'>asservatos</span> <span class='ocrx_word' id='word_1_63' title='bbox 749 656 833 695; x_wconf 90' lang='lat' dir='ltr'>sine</span> <span class='ocrx_word' id='word_1_64' title='bbox 863 656 1102 695; x_wconf 88' lang='lat' dir='ltr'>contumelia</span> <span class='ocrx_word' id='word_1_65' title='bbox 1131 655 1388 694; x_wconf 90' lang='lat' dir='ltr'>deducendos</span> <span class='ocrx_word' id='word_1_66' title='bbox 1416 653 1563 692; x_wconf 90' lang='lat' dir='ltr'>curavit</span> 
     </span>
    </p>

    <p class='ocr_par' dir='ltr' id='par_1_4' title="bbox 202 721 1622 964">
     <span class='ocr_line' id='line_1_9' title="bbox 202 721 1562 771; baseline -0.004 -11"><span class='ocrx_word' id='word_1_67' title='bbox 202 736 219 766; x_wconf 83' lang='lat'>3</span> <span class='ocrx_word' id='word_1_68' title='bbox 237 723 287 760; x_wconf 89' lang='lat' dir='ltr'>ad</span> <span class='ocrx_word' id='word_1_69' title='bbox 309 722 545 771; x_wconf 85' lang='lat' dir='ltr'>Scipionem.</span> <span class='ocrx_word' id='word_1_70' title='bbox 607 721 685 770; x_wconf 84' lang='lat' dir='ltr'>Qui</span> <span class='ocrx_word' id='word_1_71' title='bbox 711 729 920 771; x_wconf 79' lang='lat' dir='ltr'>postquam</span> <span class='ocrx_word' id='word_1_72' title='bbox 941 722 992 759; x_wconf 87' lang='lat' dir='ltr'>ad</span> <span class='ocrx_word' id='word_1_73' title='bbox 1013 734 1103 758; x_wconf 91' lang='lat' dir='ltr'>eum</span> <span class='ocrx_word' id='word_1_74' title='bbox 1133 726 1393 770; x_wconf 88' lang='lat' dir='ltr'>pervenerunt</span> <span class='ocrx_word' id='word_1_75' title='bbox 1413 726 1451 756; x_wconf 90' lang='lat' dir='ltr'>et</span> <span class='ocrx_word' id='word_1_76' title='bbox 1471 725 1562 756; x_wconf 88' lang='lat' dir='ltr'>ante</span> 
     </span>
     <span class='ocr_line' id='line_1_10' title="bbox 238 782 1562 835; baseline -0.004 -11"><span class='ocrx_word' id='word_1_77' title='bbox 238 794 462 835; x_wconf 84' lang='lat' dir='ltr'>suggestum</span> <span class='ocrx_word' id='word_1_78' title='bbox 493 785 575 823; x_wconf 90' lang='lat' dir='ltr'>eius</span> <span class='ocrx_word' id='word_1_79' title='bbox 606 785 874 831; x_wconf 86' lang='lat' dir='ltr'>constiterunt,</span> <span class='ocrx_word' id='word_1_80' title='bbox 909 787 1024 822; x_wconf 87' lang='lat' dir='ltr'>‘Non</span> <span class='ocrx_word' id='word_1_81' title='bbox 1054 785 1202 830; x_wconf 85' lang='lat' dir='ltr'>vestra‚&#39;</span> <span class='ocrx_word' id='word_1_82' title='bbox 1231 782 1367 832; x_wconf 88' lang='lat' dir='ltr'>inquit,</span> <span class='ocrx_word' id='word_1_83' title='bbox 1399 786 1562 831; x_wconf 89' lang='lat' dir='ltr'>‘sponte</span> 
     </span>
     <span class='ocr_line' id='line_1_11' title="bbox 239 846 1622 897; baseline 0 -10"><span class='ocrx_word' id='word_1_84' title='bbox 239 863 305 888; x_wconf 88' lang='lat' dir='ltr'>vos</span> <span class='ocrx_word' id='word_1_85' title='bbox 326 857 432 888; x_wconf 90' lang='lat' dir='ltr'>certo</span> <span class='ocrx_word' id='word_1_86' title='bbox 454 849 544 895; x_wconf 88' lang='lat' dir='ltr'>scio,</span> <span class='ocrx_word' id='word_1_87' title='bbox 569 850 639 887; x_wconf 90' lang='lat' dir='ltr'>sed</span> <span class='ocrx_word' id='word_1_88' title='bbox 666 848 767 886; x_wconf 90' lang='lat' dir='ltr'>illius</span> <span class='ocrx_word' id='word_1_89' title='bbox 793 848 968 887; x_wconf 88' lang='lat' dir='ltr'>scelerati</span> <span class='ocrx_word' id='word_1_90' title='bbox 989 847 1104 886; x_wconf 84' lang='lat' dir='ltr'>vestri</span> <span class='ocrx_word' id='word_1_91' title='bbox 1126 846 1367 897; x_wconf 83' lang='lat' dir='ltr'>imperatoris</span> <span class='ocrx_word' id='word_1_92' title='bbox 1389 846 1561 895; x_wconf 89' lang='lat' dir='ltr'>impulsu</span> <span class='ocrx_word' id='word_1_93' title='bbox 1584 865 1622 887; x_wconf 90' lang='lat'>10</span> 
     </span>
     <span class='ocr_line' id='line_1_12' title="bbox 237 911 1562 964; baseline -0.003 -12"><span class='ocrx_word' id='word_1_94' title='bbox 237 922 275 952; x_wconf 92' lang='lat' dir='ltr'>et</span> <span class='ocrx_word' id='word_1_95' title='bbox 295 914 459 964; x_wconf 91' lang='lat' dir='ltr'>imperio</span> <span class='ocrx_word' id='word_1_96' title='bbox 489 921 647 952; x_wconf 90' lang='lat' dir='ltr'>coactos</span> <span class='ocrx_word' id='word_1_97' title='bbox 677 913 771 951; x_wconf 90' lang='lat' dir='ltr'>civis</span> <span class='ocrx_word' id='word_1_98' title='bbox 801 921 838 951; x_wconf 91' lang='lat' dir='ltr'>et</span> <span class='ocrx_word' id='word_1_99' title='bbox 868 913 1061 962; x_wconf 88' lang='lat' dir='ltr'>optimum</span> <span class='ocrx_word' id='word_1_100' title='bbox 1088 926 1285 962; x_wconf 80' lang='lat' dir='ltr'>quemque</span> <span class='ocrx_word' id='word_1_101' title='bbox 1305 911 1450 949; x_wconf 78' lang='lat' dir='ltr'>nefarie</span> <span class='ocrx_word' id='word_1_102' title='bbox 1471 924 1562 949; x_wconf 91' lang='lat' dir='ltr'>con-</span> 
     </span>
    </p>

    <p class='ocr_par' dir='ltr' id='par_1_5' title="bbox 198 976 1618 1222">
     <span class='ocr_line' id='line_1_13' title="bbox 198 976 1561 1028; baseline -0.002 -11"><span class='ocrx_word' id='word_1_103' title='bbox 198 992 217 1021; x_wconf 90' lang='lat'><strong>4</strong></span> <span class='ocrx_word' id='word_1_104' title='bbox 237 979 384 1017; x_wconf 87' lang='lat' dir='ltr'>sectari.</span> <span class='ocrx_word' id='word_1_105' title='bbox 446 980 557 1028; x_wconf 85' lang='lat' dir='ltr'>Quos</span> <span class='ocrx_word' id='word_1_106' title='bbox 588 978 776 1028; x_wconf 90' lang='lat' dir='ltr'>quoniam</span> <span class='ocrx_word' id='word_1_107' title='bbox 806 980 961 1017; x_wconf 90' lang='lat' dir='ltr'>fortuna</span> <span class='ocrx_word' id='word_1_108' title='bbox 991 978 1030 1016; x_wconf 91' lang='lat' dir='ltr'>in</span> <span class='ocrx_word' id='word_1_109' title='bbox 1060 985 1232 1015; x_wconf 86' lang='lat' dir='ltr'>nostram</span> <span class='ocrx_word' id='word_1_110' title='bbox 1264 976 1402 1015; x_wconf 88' lang='lat' dir='ltr'>detulit</span> <span class='ocrx_word' id='word_1_111' title='bbox 1433 984 1561 1026; x_wconf 85' lang='lat' dir='ltr'>potes-</span> 
     </span>
     <span class='ocr_line' id='line_1_14' title="bbox 236 1040 1560 1092; baseline -0.002 -11"><span class='ocrx_word' id='word_1_112' title='bbox 236 1051 367 1089; x_wconf 80' lang='lat' dir='ltr'>tatem,</span> <span class='ocrx_word' id='word_1_113' title='bbox 387 1043 429 1091; x_wconf 89' lang='lat' dir='ltr'>si,</span> <span class='ocrx_word' id='word_1_114' title='bbox 447 1043 487 1081; x_wconf 89' lang='lat' dir='ltr'>id</span> <span class='ocrx_word' id='word_1_115' title='bbox 508 1044 617 1092; x_wconf 92' lang='lat' dir='ltr'>quod</span> <span class='ocrx_word' id='word_1_116' title='bbox 637 1044 764 1081; x_wconf 86' lang='lat' dir='ltr'>facere</span> <span class='ocrx_word' id='word_1_117' title='bbox 785 1042 949 1089; x_wconf 89' lang='lat' dir='ltr'>debetis,</span> <span class='ocrx_word' id='word_1_118' title='bbox 972 1055 1053 1080; x_wconf 91' lang='lat' dir='ltr'>rem</span> <span class='ocrx_word' id='word_1_119' title='bbox 1075 1041 1274 1091; x_wconf 83' lang='lat' dir='ltr'>publicam</span> <span class='ocrx_word' id='word_1_120' title='bbox 1297 1054 1387 1079; x_wconf 89' lang='lat' dir='ltr'>cum</span> <span class='ocrx_word' id='word_1_121' title='bbox 1409 1040 1560 1090; x_wconf 91' lang='lat' dir='ltr'>optimo</span> 
     </span>
     <span class='ocr_line' id='line_1_15' title="bbox 235 1104 1558 1158; baseline -0.004 -11"><span class='ocrx_word' id='word_1_122' title='bbox 235 1121 395 1158; x_wconf 90' lang='lat' dir='ltr'>quoque</span> <span class='ocrx_word' id='word_1_123' title='bbox 429 1107 662 1154; x_wconf 90' lang='lat' dir='ltr'>defendetis,</span> <span class='ocrx_word' id='word_1_124' title='bbox 696 1114 844 1145; x_wconf 88' lang='lat' dir='ltr'>certum</span> <span class='ocrx_word' id='word_1_125' title='bbox 877 1114 934 1145; x_wconf 88' lang='lat' dir='ltr'>est</span> <span class='ocrx_word' id='word_1_126' title='bbox 969 1106 1080 1145; x_wconf 87' lang='lat' dir='ltr'>vobis</span> <span class='ocrx_word' id='word_1_127' title='bbox 1119 1106 1238 1144; x_wconf 86' lang='lat' dir='ltr'>vitam</span> <span class='ocrx_word' id='word_1_128' title='bbox 1278 1113 1315 1144; x_wconf 88' lang='lat' dir='ltr'>et</span> <span class='ocrx_word' id='word_1_129' title='bbox 1350 1104 1558 1156; x_wconf 89' lang='lat' dir='ltr'>pecuniam</span> 
     </span>
     <span class='ocr_line' id='line_1_16' title="bbox 235 1170 1618 1222; baseline -0.002 -11"><span class='ocrx_word' id='word_1_130' title='bbox 235 1173 392 1211; x_wconf 89' lang='lat' dir='ltr'>donare.</span> <span class='ocrx_word' id='word_1_131' title='bbox 453 1174 702 1222; x_wconf 82' lang='lat' dir='ltr'>Quapropter</span> <span class='ocrx_word' id='word_1_132' title='bbox 722 1171 817 1222; x_wconf 92' lang='lat' dir='ltr'>quid</span> <span class='ocrx_word' id='word_1_133' title='bbox 839 1171 1011 1210; x_wconf 89' lang='lat' dir='ltr'>sentiatis</span> <span class='ocrx_word' id='word_1_134' title='bbox 1032 1170 1334 1221; x_wconf 89' lang='lat' dir='ltr'>proloquimini.’</span> <span class='ocrx_word' id='word_1_135' title='bbox 1581 1188 1618 1219; x_wconf 87' lang='lat'>15</span> 
     </span>
    </p>

    <p class='ocr_par' dir='ltr' id='par_1_6' title="bbox 164 1235 1561 1352">
     <span class='ocr_line' id='line_1_17' title="bbox 164 1235 1560 1286; baseline -0.002 -11"><span class='ocrx_word' id='word_1_136' title='bbox 164 1246 216 1284; x_wconf 89' lang='lat'>45</span> <span class='ocrx_word' id='word_1_137' title='bbox 291 1238 380 1275; x_wconf 86' lang='lat' dir='ltr'>Hac</span> <span class='ocrx_word' id='word_1_138' title='bbox 419 1236 553 1275; x_wconf 88' lang='lat' dir='ltr'>habita</span> <span class='ocrx_word' id='word_1_139' title='bbox 591 1236 768 1275; x_wconf 89' lang='lat' dir='ltr'>oratione</span> <span class='ocrx_word' id='word_1_140' title='bbox 807 1236 938 1286; x_wconf 89' lang='lat' dir='ltr'>Scipio</span> <span class='ocrx_word' id='word_1_141' title='bbox 977 1249 1067 1274; x_wconf 94' lang='lat' dir='ltr'>cum</span> <span class='ocrx_word' id='word_1_142' title='bbox 1102 1235 1359 1274; x_wconf 84' lang='lat' dir='ltr'>existimasset</span> <span class='ocrx_word' id='word_1_143' title='bbox 1388 1247 1458 1285; x_wconf 93' lang='lat' dir='ltr'>pro</span> <span class='ocrx_word' id='word_1_144' title='bbox 1488 1247 1560 1272; x_wconf 90' lang='lat' dir='ltr'>suo</span> 
     </span>
     <span class='ocr_line' id='line_1_18' title="bbox 235 1300 1561 1352; baseline -0.002 -12"><span class='ocrx_word' id='word_1_145' title='bbox 235 1301 429 1340; x_wconf 87' lang='lat' dir='ltr'>beneficio</span> <span class='ocrx_word' id='word_1_146' title='bbox 458 1301 542 1340; x_wconf 88' lang='lat' dir='ltr'>sine</span> <span class='ocrx_word' id='word_1_147' title='bbox 571 1301 695 1340; x_wconf 90' lang='lat' dir='ltr'>dubio</span> <span class='ocrx_word' id='word_1_148' title='bbox 724 1302 774 1340; x_wconf 89' lang='lat' dir='ltr'>ab</span> <span class='ocrx_word' id='word_1_149' title='bbox 804 1301 863 1339; x_wconf 90' lang='lat' dir='ltr'>his</span> <span class='ocrx_word' id='word_1_150' title='bbox 892 1300 1031 1352; x_wconf 87' lang='lat' dir='ltr'>gratias</span> <span class='ocrx_word' id='word_1_151' title='bbox 1061 1300 1134 1339; x_wconf 87' lang='lat' dir='ltr'>sibi</span> <span class='ocrx_word' id='word_1_152' title='bbox 1163 1308 1293 1339; x_wconf 89' lang='lat' dir='ltr'>actum</span> <span class='ocrx_word' id='word_1_153' title='bbox 1315 1300 1371 1347; x_wconf 93' lang='lat' dir='ltr'>iri,</span> <span class='ocrx_word' id='word_1_154' title='bbox 1394 1306 1561 1349; x_wconf 87' lang='lat' dir='ltr'>potesta-</span> 
     </span>
    </p>

    <p class='ocr_par' dir='ltr' id='par_1_7' title="bbox 199 1365 1619 1674">
     <span class='ocr_line' id='line_1_19' title="bbox 199 1365 1561 1415; baseline -0.002 -10"><span class='ocrx_word' id='word_1_155' title='bbox 199 1384 213 1404; x_wconf 87' lang='lat'><strong>2</strong></span> <span class='ocrx_word' id='word_1_156' title='bbox 234 1374 314 1405; x_wconf 83' lang='lat' dir='ltr'>&#39;tem</span> <span class='ocrx_word' id='word_1_157' title='bbox 342 1366 396 1405; x_wconf 88' lang='lat' dir='ltr'>eis</span> <span class='ocrx_word' id='word_1_158' title='bbox 417 1366 576 1405; x_wconf 90' lang='lat' dir='ltr'>dicendi</span> <span class='ocrx_word' id='word_1_159' title='bbox 606 1366 707 1404; x_wconf 89' lang='lat' dir='ltr'>fecit.</span> <span class='ocrx_word' id='word_1_160' title='bbox 767 1368 826 1404; x_wconf 88' lang='lat' dir='ltr'>Ex</span> <span class='ocrx_word' id='word_1_161' title='bbox 855 1366 909 1404; x_wconf 91' lang='lat' dir='ltr'>eis</span> <span class='ocrx_word' id='word_1_162' title='bbox 939 1365 1115 1405; x_wconf 90' lang='lat' dir='ltr'>centurio</span> <span class='ocrx_word' id='word_1_163' title='bbox 1135 1365 1299 1415; x_wconf 86' lang='lat' dir='ltr'>legionis</span> <span class='ocrx_word' id='word_1_164' title='bbox 1328 1377 1435 1403; x_wconf 80' lang='lat' dir='ltr'>xlm.</span> <span class='ocrx_word' id='word_1_165' title='bbox 1461 1366 1561 1402; x_wconf 91' lang='lat' dir='ltr'>‘Pro</span> 
     </span>
     <span class='ocr_line' id='line_1_20' title="bbox 234 1430 1560 1481; baseline -0.002 -11"><span class='ocrx_word' id='word_1_166' title='bbox 234 1433 327 1479; x_wconf 85' lang='lat' dir='ltr'>tuo‚&#39;</span> <span class='ocrx_word' id='word_1_167' title='bbox 358 1431 497 1481; x_wconf 89' lang='lat' dir='ltr'>inquit,</span> <span class='ocrx_word' id='word_1_168' title='bbox 533 1434 713 1470; x_wconf 90' lang='lat' dir='ltr'>‘summo</span> <span class='ocrx_word' id='word_1_169' title='bbox 742 1431 948 1478; x_wconf 84' lang='lat' dir='ltr'>beneficio,</span> <span class='ocrx_word' id='word_1_170' title='bbox 982 1430 1125 1481; x_wconf 87' lang='lat' dir='ltr'>Scipio,</span> <span class='ocrx_word' id='word_1_171' title='bbox 1161 1430 1232 1469; x_wconf 90' lang='lat' dir='ltr'>tibi</span> <span class='ocrx_word' id='word_1_172' title='bbox 1261 1430 1401 1481; x_wconf 85' lang='lat' dir='ltr'>gratias</span> <span class='ocrx_word' id='word_1_173' title='bbox 1431 1443 1560 1479; x_wconf 85' lang='lat' dir='ltr'>ago—-</span> 
     </span>
     <span class='ocr_line' id='line_1_21' title="bbox 234 1494 1619 1546; baseline -0.002 -11"><span class='ocrx_word' id='word_1_174' title='bbox 234 1510 314 1535; x_wconf 90' lang='lat' dir='ltr'>non</span> <span class='ocrx_word' id='word_1_175' title='bbox 354 1496 459 1535; x_wconf 88' lang='lat' dir='ltr'>enim</span> <span class='ocrx_word' id='word_1_176' title='bbox 498 1496 774 1546; x_wconf 84' lang='lat' dir='ltr'>imperatorem</span> <span class='ocrx_word' id='word_1_177' title='bbox 806 1504 844 1534; x_wconf 91' lang='lat' dir='ltr'>te</span> <span class='ocrx_word' id='word_1_178' title='bbox 878 1498 1200 1546; x_wconf 73' lang='lat' dir='ltr'>appello—quod</span> <span class='ocrx_word' id='word_1_179' title='bbox 1231 1495 1327 1534; x_wconf 90' lang='lat' dir='ltr'>mihi</span> <span class='ocrx_word' id='word_1_180' title='bbox 1356 1495 1476 1533; x_wconf 89' lang='lat' dir='ltr'>vitam</span> <span class='ocrx_word' id='word_1_181' title='bbox 1505 1494 1560 1532; x_wconf 90' lang='lat' dir='ltr'>in·</span> <span class='ocrx_word' id='word_1_182' title='bbox 1580 1510 1619 1532; x_wconf 90' lang='lat'>20</span> 
     </span>
     <span class='ocr_line' id='line_1_22' title="bbox 233 1559 1559 1611; baseline -0.002 -11"><span class='ocrx_word' id='word_1_183' title='bbox 233 1561 582 1611; x_wconf 86' lang='lat' dir='ltr'>columitatemque</span> <span class='ocrx_word' id='word_1_184' title='bbox 613 1560 705 1599; x_wconf 88' lang='lat' dir='ltr'>belli</span> <span class='ocrx_word' id='word_1_185' title='bbox 735 1560 816 1599; x_wconf 91' lang='lat' dir='ltr'>iure</span> <span class='ocrx_word' id='word_1_186' title='bbox 845 1569 961 1611; x_wconf 87' lang='lat' dir='ltr'>capto</span> <span class='ocrx_word' id='word_1_187' title='bbox 991 1561 1197 1610; x_wconf 88' lang='lat' dir='ltr'>polliceris,</span> <span class='ocrx_word' id='word_1_188' title='bbox 1238 1569 1275 1599; x_wconf 89' lang='lat' dir='ltr'>et</span> <span class='ocrx_word' id='word_1_189' title='bbox 1314 1562 1445 1599; x_wconf 90' lang='lat' dir='ltr'>forsan</span> <span class='ocrx_word' id='word_1_190' title='bbox 1483 1559 1559 1598; x_wconf 84' lang='lat' dir='ltr'>isto</span> 
     </span>
     <span class='ocr_line' id='line_1_23' title="bbox 234 1625 1556 1674; baseline -0.002 -9"><span class='ocrx_word' id='word_1_191' title='bbox 234 1634 360 1665; x_wconf 91' lang='lat' dir='ltr'>uterer</span> <span class='ocrx_word' id='word_1_192' title='bbox 390 1626 595 1673; x_wconf 88' lang='lat' dir='ltr'>beneficio,</span> <span class='ocrx_word' id='word_1_193' title='bbox 629 1625 661 1663; x_wconf 90' lang='lat' dir='ltr'>si</span> <span class='ocrx_word' id='word_1_194' title='bbox 692 1639 772 1664; x_wconf 91' lang='lat' dir='ltr'>non</span> <span class='ocrx_word' id='word_1_195' title='bbox 803 1625 838 1664; x_wconf 93' lang='lat' dir='ltr'>ei</span> <span class='ocrx_word' id='word_1_196' title='bbox 868 1639 1067 1664; x_wconf 89' lang='lat' dir='ltr'>summum</span> <span class='ocrx_word' id='word_1_197' title='bbox 1106 1627 1232 1664; x_wconf 86' lang='lat' dir='ltr'>scelus</span> <span class='ocrx_word' id='word_1_198' title='bbox 1270 1625 1556 1674; x_wconf 88' lang='lat' dir='ltr'>adiungeretur.</span> 
     </span>
    </p>

    <p class='ocr_par' dir='ltr' id='par_1_8' title="bbox 197 1691 1616 1872">
     <span class='ocr_line' id='line_1_24' title="bbox 197 1691 1558 1741; baseline -0.002 -11"><span class='ocrx_word' id='word_1_199' title='bbox 197 1708 214 1737; x_wconf 79' lang='lat'>3</span> <span class='ocrx_word' id='word_1_200' title='bbox 235 1693 372 1741; x_wconf 86' lang='lat' dir='ltr'>Egone</span> <span class='ocrx_word' id='word_1_201' title='bbox 401 1699 536 1729; x_wconf 88' lang='lat' dir='ltr'>contra</span> <span class='ocrx_word' id='word_1_202' title='bbox 567 1692 776 1731; x_wconf 85' lang='lat' dir='ltr'>Caesarem</span> <span class='ocrx_word' id='word_1_203' title='bbox 811 1691 1084 1741; x_wconf 87' lang='lat' dir='ltr'>imperatorem</span> <span class='ocrx_word' id='word_1_204' title='bbox 1118 1705 1263 1738; x_wconf 91' lang='lat' dir='ltr'>meum,</span> <span class='ocrx_word' id='word_1_205' title='bbox 1293 1692 1400 1740; x_wconf 91' lang='lat' dir='ltr'>apud</span> <span class='ocrx_word' id='word_1_206' title='bbox 1438 1702 1558 1739; x_wconf 89' lang='lat' dir='ltr'>quem</span> 
     </span>
     <span class='ocr_line' id='line_1_25' title="bbox 232 1754 1559 1806; baseline -0.002 -12"><span class='ocrx_word' id='word_1_207' title='bbox 232 1756 411 1795; x_wconf 91' lang='lat' dir='ltr'>ordinem</span> <span class='ocrx_word' id='word_1_208' title='bbox 459 1756 563 1803; x_wconf 88' lang='lat' dir='ltr'>duxi,</span> <span class='ocrx_word' id='word_1_209' title='bbox 614 1756 777 1806; x_wconf 89' lang='lat' dir='ltr'>eiusque</span> <span class='ocrx_word' id='word_1_210' title='bbox 823 1756 1048 1803; x_wconf 89' lang='lat' dir='ltr'>exercitum,</span> <span class='ocrx_word' id='word_1_211' title='bbox 1094 1770 1164 1806; x_wconf 92' lang='lat' dir='ltr'>pro</span> <span class='ocrx_word' id='word_1_212' title='bbox 1211 1755 1322 1794; x_wconf 89' lang='lat' dir='ltr'>cuius</span> <span class='ocrx_word' id='word_1_213' title='bbox 1369 1754 1559 1805; x_wconf 85' lang='lat' dir='ltr'>dignitate</span> 
     </span>
     <span class='ocr_line' id='line_1_26' title="bbox 232 1821 1616 1872; baseline -0.002 -12"><span class='ocrx_word' id='word_1_214' title='bbox 232 1821 471 1871; x_wconf 87' lang='lat' dir='ltr'>victoriaque</span> <span class='ocrx_word' id='word_1_215' title='bbox 509 1821 677 1871; x_wconf 89' lang='lat' dir='ltr'>amplius</span> <span class='ocrx_word' id='word_1_216' title='bbox 717 1826 873 1862; x_wconf 79' lang='lat' dir='ltr'>†xxxvr</span> <span class='ocrx_word' id='word_1_217' title='bbox 914 1826 1066 1863; x_wconf 87' lang='lat' dir='ltr'>annos†</span> <span class='ocrx_word' id='word_1_218' title='bbox 1105 1821 1337 1872; x_wconf 90' lang='lat' dir='ltr'>depugnavi,</span> <span class='ocrx_word' id='word_1_219' title='bbox 1372 1822 1557 1859; x_wconf 87' lang='lat' dir='ltr'>adversus</span> <span class='ocrx_word' id='word_1_220' title='bbox 1579 1835 1616 1867; x_wconf 86' lang='lat'>²5</span> 
     </span>
    </p>

    <p class='ocr_par' dir='ltr' id='par_1_9' title="bbox 194 1886 1557 2065">
     <span class='ocr_line' id='line_1_27' title="bbox 194 1886 1557 1936; baseline -0.001 -12"><span class='ocrx_word' id='word_1_221' title='bbox 194 1899 214 1929; x_wconf 91' lang='lat'>4</span> <span class='ocrx_word' id='word_1_222' title='bbox 231 1894 482 1935; x_wconf 82' lang='lat' dir='ltr'>armatusque</span> <span class='ocrx_word' id='word_1_223' title='bbox 508 1886 751 1924; x_wconf 86' lang='lat' dir='ltr'>consistam?</span> <span class='ocrx_word' id='word_1_224' title='bbox 808 1888 950 1936; x_wconf 89' lang='lat' dir='ltr'>Neque</span> <span class='ocrx_word' id='word_1_225' title='bbox 980 1900 1053 1936; x_wconf 90' lang='lat' dir='ltr'>ego</span> <span class='ocrx_word' id='word_1_226' title='bbox 1083 1886 1187 1924; x_wconf 89' lang='lat' dir='ltr'>istud</span> <span class='ocrx_word' id='word_1_227' title='bbox 1211 1888 1382 1924; x_wconf 91' lang='lat' dir='ltr'>facturus</span> <span class='ocrx_word' id='word_1_228' title='bbox 1411 1898 1497 1923; x_wconf 90' lang='lat' dir='ltr'>sum</span> <span class='ocrx_word' id='word_1_229' title='bbox 1519 1892 1557 1922; x_wconf 88' lang='lat' dir='ltr'>et</span> 
     </span>
     <span class='ocr_line' id='line_1_28' title="bbox 232 1949 1556 2001; baseline -0.002 -13"><span class='ocrx_word' id='word_1_230' title='bbox 232 1958 269 1988; x_wconf 87' lang='lat' dir='ltr'>te</span> <span class='ocrx_word' id='word_1_231' title='bbox 291 1964 527 2000; x_wconf 90' lang='lat' dir='ltr'>magnopere</span> <span class='ocrx_word' id='word_1_232' title='bbox 548 1958 589 1988; x_wconf 94' lang='lat' dir='ltr'>ut</span> <span class='ocrx_word' id='word_1_233' title='bbox 609 1952 660 1989; x_wconf 92' lang='lat' dir='ltr'>de</span> <span class='ocrx_word' id='word_1_234' title='bbox 677 1950 835 2001; x_wconf 86' lang='lat' dir='ltr'>negotio</span> <span class='ocrx_word' id='word_1_235' title='bbox 852 1951 1016 1989; x_wconf 88' lang='lat' dir='ltr'>desistas</span> <span class='ocrx_word' id='word_1_236' title='bbox 1029 1953 1225 1989; x_wconf 87' lang='lat' dir='ltr'>adhortor.</span> <span class='ocrx_word' id='word_1_237' title='bbox 1285 1951 1433 1989; x_wconf 86' lang='lat' dir='ltr'>Contra</span> <span class='ocrx_word' id='word_1_238' title='bbox 1446 1949 1556 1987; x_wconf 90' lang='lat' dir='ltr'>cuius</span> 
     </span>
     <span class='ocr_line' id='line_1_29' title="bbox 231 2014 1556 2065; baseline -0.002 -12"><span class='ocrx_word' id='word_1_239' title='bbox 231 2016 336 2053; x_wconf 92' lang='lat' dir='ltr'>enim</span> <span class='ocrx_word' id='word_1_240' title='bbox 368 2016 501 2065; x_wconf 88' lang='lat' dir='ltr'>copias</span> <span class='ocrx_word' id='word_1_241' title='bbox 536 2017 766 2063; x_wconf 84' lang='lat' dir='ltr'>contendas,</span> <span class='ocrx_word' id='word_1_242' title='bbox 800 2016 831 2054; x_wconf 92' lang='lat' dir='ltr'>si</span> <span class='ocrx_word' id='word_1_243' title='bbox 864 2016 993 2054; x_wconf 87' lang='lat' dir='ltr'>minus</span> <span class='ocrx_word' id='word_1_244' title='bbox 1023 2024 1139 2054; x_wconf 85' lang='lat' dir='ltr'>antea</span> <span class='ocrx_word' id='word_1_245' title='bbox 1170 2023 1349 2065; x_wconf 85' lang='lat' dir='ltr'>expertus</span> <span class='ocrx_word' id='word_1_246' title='bbox 1380 2028 1432 2061; x_wconf 85' lang='lat' dir='ltr'>eS‚</span> <span class='ocrx_word' id='word_1_247' title='bbox 1465 2014 1556 2052; x_wconf 90' lang='lat' dir='ltr'>licet</span> 
     </span>
    </p>

    <p class='ocr_par' dir='ltr' id='par_1_10' title="bbox 194 2079 1555 2129">
     <span class='ocr_line' id='line_1_30' title="bbox 194 2079 1555 2129; baseline -0.001 -12"><span class='ocrx_word' id='word_1_248' title='bbox 194 2091 211 2122; x_wconf 89' lang='lat'>5</span> <span class='ocrx_word' id='word_1_249' title='bbox 231 2093 336 2118; x_wconf 89' lang='lat' dir='ltr'>nunc</span> <span class='ocrx_word' id='word_1_250' title='bbox 365 2093 590 2129; x_wconf 85' lang='lat' dir='ltr'>cognoscas.</span> <span class='ocrx_word' id='word_1_251' title='bbox 652 2080 762 2129; x_wconf 87' lang='lat' dir='ltr'>Elige</span> <span class='ocrx_word' id='word_1_252' title='bbox 783 2094 829 2118; x_wconf 88' lang='lat' dir='ltr'>ex</span> <span class='ocrx_word' id='word_1_253' title='bbox 850 2079 925 2118; x_wconf 90' lang='lat' dir='ltr'>tuis</span> <span class='ocrx_word' id='word_1_254' title='bbox 946 2081 1148 2118; x_wconf 88' lang='lat' dir='ltr'>cohortem</span> <span class='ocrx_word' id='word_1_255' title='bbox 1163 2092 1281 2117; x_wconf 89' lang='lat' dir='ltr'>unam</span> <span class='ocrx_word' id='word_1_256' title='bbox 1303 2092 1420 2128; x_wconf 89' lang='lat' dir='ltr'>quam</span> <span class='ocrx_word' id='word_1_257' title='bbox 1442 2087 1555 2128; x_wconf 88' lang='lat' dir='ltr'>putas</span> 
     </span>
    </p>
   </div>
   <div class='ocr_carea' id='block_1_3' title="bbox 227 2181 1554 2397">
    <p class='ocr_par' dir='ltr' id='par_1_11' title="bbox 227 2181 1554 2397">
     <span class='ocr_line' id='line_1_31' title="bbox 272 2181 1554 2222; baseline 0.001 -10"><span class='ocrx_word' id='word_1_258' title='bbox 272 2193 293 2222; x_wconf 84' lang='lat'><strong>3</strong></span> <span class='ocrx_word' id='word_1_259' title='bbox 313 2186 385 2222; x_wconf 82' lang='lat' dir='ltr'>post</span> <span class='ocrx_word' id='word_1_260' title='bbox 400 2187 452 2213; x_wconf 86' lang='lat' dir='ltr'>est</span> <span class='ocrx_word' id='word_1_261' title='bbox 469 2187 501 2213; x_wconf 87' lang='lat' dir='ltr'>et</span> <span class='ocrx_word' id='word_1_262' title='bbox 519 2182 593 2214; x_wconf 85' lang='lat' dir='ltr'>add.</span> <span class='ocrx_word' id='word_1_263' title='bbox 612 2183 653 2213; x_wconf 89' lang='lat' dir='ltr'>ad</span> <span class='ocrx_word' id='word_1_264' title='bbox 670 2182 865 2221; x_wconf 91' lang='lat' dir='ltr'>Scipionem</span> <span class='ocrx_word' id='word_1_265' title='bbox 883 2181 924 2211; x_wconf 91' lang='lat' dir='ltr'>L&#39;</span> <span class='ocrx_word' id='word_1_266' title='bbox 940 2194 946 2213; x_wconf 92' lang='lat'>:</span> <span class='ocrx_word' id='word_1_267' title='bbox 970 2193 1036 2213; x_wconf 82' lang='lat' dir='ltr'>om.</span> <span class='ocrx_word' id='word_1_268' title='bbox 1054 2185 1119 2212; x_wconf 83' lang='lat' dir='ltr'>cett.</span> <span class='ocrx_word' id='word_1_269' title='bbox 1251 2182 1395 2212; x_wconf 88' lang='lat' dir='ltr'>adducta</span> <span class='ocrx_word' id='word_1_270' title='bbox 1411 2181 1533 2212; x_wconf 87' lang='lat' dir='ltr'><em>DU&#39;T&#39;</em></span> <span class='ocrx_word' id='word_1_271' title='bbox 1548 2194 1554 2213; x_wconf 74' lang='grc' dir='ltr'><strong>ε</strong></span> 
     </span>
     <span class='ocr_line' id='line_1_32' title="bbox 229 2225 1554 2264; baseline 0 -8"><span class='ocrx_word' id='word_1_272' title='bbox 229 2226 371 2257; x_wconf 86' lang='lat' dir='ltr'>abducta</span> <span class='ocrx_word' id='word_1_273' title='bbox 387 2230 431 2256; x_wconf 72' lang='grc' dir='ltr'>λε</span> <span class='ocrx_word' id='word_1_274' title='bbox 464 2227 606 2256; x_wconf 85' lang='lat' dir='ltr'>deducta</span> <span class='ocrx_word' id='word_1_275' title='bbox 624 2225 652 2255; x_wconf 95' lang='lat' dir='ltr'><em>L</em></span> <span class='ocrx_word' id='word_1_276' title='bbox 807 2236 828 2264; x_wconf 90' lang='lat'><strong>9</strong></span> <span class='ocrx_word' id='word_1_277' title='bbox 852 2226 924 2256; x_wconf 87' lang='lat' dir='ltr'>eius</span> <span class='ocrx_word' id='word_1_278' title='bbox 948 2236 1013 2256; x_wconf 86' lang='lat' dir='ltr'>om.</span> <span class='ocrx_word' id='word_1_279' title='bbox 1038 2225 1068 2255; x_wconf 93' lang='lat' dir='ltr'><em>T</em></span> <span class='ocrx_word' id='word_1_280' title='bbox 1194 2235 1237 2255; x_wconf 87' lang='lat'>20</span> <span class='ocrx_word' id='word_1_281' title='bbox 1260 2226 1496 2264; x_wconf 88' lang='lat' dir='ltr'>imperatorem</span> <span class='ocrx_word' id='word_1_282' title='bbox 1521 2229 1554 2256; x_wconf 89' lang='lat' dir='ltr'>te</span> 
     </span>
     <span class='ocr_line' id='line_1_33' title="bbox 228 2266 1552 2309; baseline -0.002 -9"><span class='ocrx_word' id='word_1_283' title='bbox 228 2269 328 2300; x_wconf 81' lang='lat' dir='ltr'><em>DT&#39;:</em></span> <span class='ocrx_word' id='word_1_284' title='bbox 352 2274 384 2299; x_wconf 90' lang='lat' dir='ltr'>te</span> <span class='ocrx_word' id='word_1_285' title='bbox 402 2270 638 2309; x_wconf 85' lang='lat' dir='ltr'>imperatorem</span> <span class='ocrx_word' id='word_1_286' title='bbox 655 2268 696 2298; x_wconf 87' lang='lat' dir='ltr'>L&#39;</span> <span class='ocrx_word' id='word_1_287' title='bbox 828 2279 870 2307; x_wconf 86' lang='lat'>23</span> <span class='ocrx_word' id='word_1_288' title='bbox 897 2269 1031 2308; x_wconf 85' lang='lat' dir='ltr'>Ergone</span> <span class='ocrx_word' id='word_1_289' title='bbox 1055 2268 1084 2299; x_wconf 89' lang='grc' dir='ltr'><em>Τ</em></span> <span class='ocrx_word' id='word_1_290' title='bbox 1221 2278 1261 2306; x_wconf 84' lang='grc'>25</span> <span class='ocrx_word' id='word_1_291' title='bbox 1285 2278 1392 2298; x_wconf 79' lang='lat' dir='ltr'>xxxvr</span> <span class='ocrx_word' id='word_1_292' title='bbox 1407 2266 1465 2299; x_wconf 88' lang='lat' dir='ltr'>X:</span> <span class='ocrx_word' id='word_1_293' title='bbox 1488 2278 1552 2299; x_wconf 84' lang='lat' dir='ltr'>xm</span> 
     </span>
     <span class='ocr_line' id='line_1_34' title="bbox 228 2310 1552 2353; baseline 0 -11"><span class='ocrx_word' id='word_1_294' title='bbox 228 2312 417 2353; x_wconf 84' lang='lat' dir='ltr'>Hoffmann</span> <span class='ocrx_word' id='word_1_295' title='bbox 572 2323 680 2344; x_wconf 86' lang='lat' dir='ltr'>annos</span> <span class='ocrx_word' id='word_1_296' title='bbox 701 2312 764 2344; x_wconf 79' lang='lat' dir='ltr'>U&#39;:</span> <span class='ocrx_word' id='word_1_297' title='bbox 787 2313 884 2344; x_wconf 85' lang='lat' dir='ltr'>annis</span> <span class='ocrx_word' id='word_1_298' title='bbox 905 2312 954 2343; x_wconf 81' lang='lat' dir='ltr'>V:</span> <span class='ocrx_word' id='word_1_299' title='bbox 977 2317 1044 2343; x_wconf 77' lang='lat' dir='ltr'>anfi</span> <span class='ocrx_word' id='word_1_300' title='bbox 1062 2310 1166 2341; x_wconf 91' lang='lat' dir='ltr'>DLT</span> <span class='ocrx_word' id='word_1_301' title='bbox 1319 2312 1433 2342; x_wconf 88' lang='lat' dir='ltr'>tricies</span> <span class='ocrx_word' id='word_1_302' title='bbox 1450 2312 1552 2342; x_wconf 85' lang='lat' dir='ltr'>armis</span> 
     </span>
     <span class='ocr_line' id='line_1_35' title="bbox 227 2355 1551 2397; baseline -0.001 -11"><span class='ocrx_word' id='word_1_303' title='bbox 227 2355 405 2397; x_wconf 72' lang='lat' dir='ltr'>Nipperdey</span> <span class='ocrx_word' id='word_1_304' title='bbox 421 2368 427 2387; x_wconf 90' lang='lat'>:</span> <span class='ocrx_word' id='word_1_305' title='bbox 451 2367 494 2386; x_wconf 86' lang='lat' dir='ltr'>an</span> <span class='ocrx_word' id='word_1_306' title='bbox 513 2365 594 2387; x_wconf 81' lang='lat' dir='ltr'>xxx.</span> <span class='ocrx_word' id='word_1_307' title='bbox 613 2356 759 2395; x_wconf 67' lang='lat' dir='ltr'>(tricies)</span> <span class='ocrx_word' id='word_1_308' title='bbox 775 2356 807 2386; x_wconf 90' lang='lat' dir='ltr'>vi</span> <span class='ocrx_word' id='word_1_309' title='bbox 824 2357 1033 2395; x_wconf 75' lang='lat' dir='ltr'>depugnavi?</span> <span class='ocrx_word' id='word_1_310' title='bbox 1212 2355 1375 2386; x_wconf 81' lang='lat' dir='ltr'>adversus</span> <span class='ocrx_word' id='word_1_311' title='bbox 1391 2360 1551 2386; x_wconf 86' lang='lat' dir='ltr'>armatus-</span> 
     </span>
    </p>
   </div>
   <div class='ocr_carea' id='block_1_4' title="bbox 227 2398 1551 2473">
    <p class='ocr_par' dir='ltr' id='par_1_12' title="bbox 227 2398 1551 2473">
     <span class='ocr_line' id='line_1_36' title="bbox 227 2398 1551 2438; baseline -0.002 -9"><span class='ocrx_word' id='word_1_312' title='bbox 227 2409 293 2438; x_wconf 85' lang='lat' dir='ltr'>que</span> <span class='ocrx_word' id='word_1_313' title='bbox 310 2398 378 2430; x_wconf 74' lang='lat' dir='ltr'>L²z</span> <span class='ocrx_word' id='word_1_314' title='bbox 415 2400 577 2429; x_wconf 78' lang='lat' dir='ltr'>adversus</span> <span class='ocrx_word' id='word_1_315' title='bbox 600 2405 812 2438; x_wconf 80' lang='lat' dir='ltr'>armatosque</span> <span class='ocrx_word' id='word_1_316' title='bbox 831 2398 873 2428; x_wconf 89' lang='lat' dir='ltr'>L¹</span> <span class='ocrx_word' id='word_1_317' title='bbox 893 2411 899 2429; x_wconf 77' lang='grc' dir='ltr'>ε</span> <span class='ocrx_word' id='word_1_318' title='bbox 932 2400 1110 2429; x_wconf 84' lang='lat' dir='ltr'>adversum</span> <span class='ocrx_word' id='word_1_319' title='bbox 1132 2403 1276 2429; x_wconf 82' lang='lat' dir='ltr'>armatos</span> <span class='ocrx_word' id='word_1_320' title='bbox 1298 2398 1401 2428; x_wconf 88' lang='lat' dir='ltr'><em>U&#39;T&#39;:</em></span> <span class='ocrx_word' id='word_1_321' title='bbox 1434 2398 1551 2428; x_wconf 79' lang='lat' dir='ltr'>adver-</span> 
     </span>
     <span class='ocr_line' id='line_1_37' title="bbox 228 2442 499 2473; baseline -0.007 0"><span class='ocrx_word' id='word_1_322' title='bbox 228 2453 300 2473; x_wconf 84' lang='lat' dir='ltr'>sum</span> <span class='ocrx_word' id='word_1_323' title='bbox 318 2448 447 2472; x_wconf 82' lang='lat' dir='ltr'>armato</span> <span class='ocrx_word' id='word_1_324' title='bbox 465 2442 499 2471; x_wconf 90' lang='lat' dir='ltr'><em>D</em></span> 
     </span>
    </p>
   </div>
  </div>
 </body>
</html>
