1705 2729
512 126 585 162 DE
617 125 796 162 BELLO
826 124 1004 162 CIVILI
1036 124 1138 160 LIB.
1172 124 1189 159 I

189 238 267 276 Sed
287 250 415 276 nonae
431 236 594 287 legionis
610 235 751 273 milites
767 234 857 273 elati
878 234 1019 281 studio,
1038 236 1133 272 dum
1150 233 1288 271 sarcire
1303 241 1509 284 acceptum
1530 249 1545 270 2

186 301 464 340 detrimentum
497 302 644 347 volunt,
680 307 825 337 temere
864 298 1029 336 insecuti
1068 298 1219 347 longius
1251 298 1431 347 fugientis
1470 298 1509 334 in

185 367 316 404 locum
346 365 524 415 iniquum
554 364 854 415 progrediuntur
883 371 921 401 et
951 364 1023 401 sub
1054 371 1229 400 montem
1259 363 1298 400 in
1327 376 1405 412 quo
1430 371 1510 401 erat

185 429 376 479 oppidum
396 429 569 479 positum
591 430 720 467 Ilerda
740 429 968 466 succedunt.
1031 427 1138 464 Hinc
1160 440 1200 464 se
1227 426 1398 476 recipere
1419 441 1508 464 curn
1529 441 1545 470 3

147 495 336 540 5vellent,
377 507 506 531 rursus
544 493 598 531 illi
636 506 682 531 ex
719 493 808 530 1000
847 491 1044 541 superiore
1079 499 1231 529 nostros
1266 492 1505 540 premebant.

185 560 418 607 Praeruptus
445 560 554 596 locus
575 565 667 604 erat,
689 565 853 607 utraque
875 570 920 594 ex
944 564 1052 607 parte
1073 557 1262 602 derectus,
1287 569 1331 593 ac
1356 564 1508 594 tanturn
1527 573 1547 601 4

184 622 224 660 in
262 622 509 661 latitudinem
551 622 710 672 patebat
749 629 791 659 ut
829 629 905 659 tres
944 621 1156 658 instructae
1194 622 1375 658 cohortes
1417 634 1507 658 eum

183 688 314 725 locum
346 688 555 736 explerent,
586 693 629 724 ut
660 699 789 736 neque
819 685 994 724 subsidia
1023 686 1074 722 ab
1103 685 1287 723 lateribus
1318 685 1507 723 summitti

184 764 312 801 neque
339 751 489 801 equites
515 750 784 789 laborantibus
811 750 899 788 usui
928 763 1012 788 esse
1039 757 1211 799 possent.
1270 750 1336 787 Ab
1359 749 1507 798 oppido
1528 765 1543 794 5

125 827 165 851 ιο
183 823 313 854 autem
335 815 494 854 declivis
520 817 629 854 locus
650 814 758 853 tenui
779 814 931 864 fastigio
951 814 1134 864 vergebat
1160 814 1199 852 in
1221 814 1506 864 longitudinem

182 893 368 930 passuum
388 879 539 919 circiter
558 891 667 918 cccc.
728 881 818 917 Hac
848 878 989 917 nostris
1010 886 1090 916 erat
1116 886 1307 928 receptus,
1330 879 1438 927 quod
1458 891 1506 916 eo
1526 884 1545 916 6

181 944 329 983 incitati
361 944 492 984 studio
525 943 784 983 inconsultius
818 950 1111 993 processerant3
1154 944 1231 981 hoe
1261 943 1507 992 pugnabatur

181 1010 269 1047 loco
289 1017 327 1047 et
347 1017 504 1059 propter
524 1008 722 1059 angustias
746 1008 882 1057 iniquo
903 1015 940 1046 et
961 1008 1070 1057 quod
1098 1007 1171 1045 sub
1191 1007 1284 1056 ipsis
1310 1007 1506 1045 radicibus

180 1073 324 1111 montis
346 1073 611 1119 constiterant,
634 1080 676 1111 ut
700 1073 851 1110 nullum
872 1073 1011 1109 frustra
1037 1073 1158 1109 telum
1183 1071 1222 1109 in
1244 1085 1311 1110 eos
1341 1071 1506 1110 mittere-

124 1152 160 1184 15
180 1144 249 1175 tur.
306 1139 458 1176 Tamen
493 1137 633 1175 virtute
667 1144 704 1175 et
735 1136 922 1187 patientia
960 1136 1185 1174 nitebantur
1221 1143 1339 1185 atque
1373 1136 1506 1174 omnia

179 1203 339 1241 vulnera
377 1202 633 1240 sustinebant.
711 1202 968 1251 Augebantur
1011 1200 1086 1239 illis
1125 1200 1262 1250 copiae
1303 1208 1421 1250 atque
1459 1212 1542 1245 ex7

178 1267 311 1305 castris
349 1268 529 1305 cohortes
568 1280 637 1316 per
670 1265 861 1316 oppidum
900 1265 1036 1304 crebro
1075 1264 1429 1311 summittebantur,
1463 1272 1504 1302 ut

178 1329 315 1381 integri
335 1330 496 1369 defessis
518 1331 783 1369 succederent.
846 1331 938 1368 Hoc
959 1329 1065 1367 idem
1087 1331 1231 1368 Caesar
1251 1330 1378 1366 facere
1394 1342 1504 1378 coge·
1524 1336 1541 1365 8

178 1395 300 1442 batur,
323 1402 365 1434 ut
394 1394 611 1434 summissis
641 1395 680 1432 in
707 1396 879 1433 eundem
909 1395 1041 1432 locum
1070 1393 1298 1432 cohortibus
1328 1395 1502 1432 defessos

120 1471 158 1492 20
177 1460 373 1510 reciperet.

231 1526 323 1563 Hoc
344 1538 433 1563 cum
450 1532 551 1563 esset
572 1525 693 1563 modo
713 1531 929 1574 pugnaturn
944 1523 1191 1562 continenter
1206 1523 1310 1562 horis
1327 1523 1501 1572 quinque
1519 1522 1575 1569 46

176 1589 375 1639 nostrique
409 1589 560 1639 gravius
592 1603 614 1627 a
652 1588 904 1627 multitudine
942 1596 1221 1638 premerentur,
1257 1588 1500 1636 consumptis

175 1654 359 1693 omnibus
386 1655 471 1693 telis
500 1654 637 1705 gladiis
667 1653 859 1692 destrictis
889 1653 1080 1703 impetum
1110 1654 1294 1691 adversus
1324 1660 1500 1690 montem

175 1718 214 1756 in
239 1718 409 1757 cohortis
430 1718 577 1756 faciunt
607 1717 821 1768 paucisque
846 1717 1007 1756 deiectis
1038 1716 1208 1766 reliquos
1233 1729 1318 1754 sese
1345 1729 1501 1754 conver-

117 1794 154 1825 25
175 1789 254 1821 tere
292 1790 447 1833 cogunt.
508 1781 723 1821 Summotis
763 1782 836 1820 sub
875 1794 1030 1819 murum
1068 1780 1296 1819 cohortibus
1333 1794 1380 1818 ac
1419 1794 1498 1818 non
1521 1795 1536 1816 2

174 1848 280 1884 nulla
308 1854 416 1896 parte
444 1854 601 1897 propter
630 1854 814 1884 terrorem
844 1845 883 1883 in
914 1845 1105 1895 oppidum
1134 1844 1347 1895 compulsis
1377 1844 1499 1883 facilis

173 1918 231 1949 est
268 1911 408 1949 nostris
448 1919 625 1961 receptus
665 1912 789 1949 datus.
862 1910 1070 1960 Equitatus
1108 1917 1240 1948 autem
1279 1917 1410 1948 noster
1447 1911 1536 1950 ab3

173 1982 338 2026 utroque
361 1977 489 2023 latere,
513 1975 584 2014 etsi
605 1975 767 2014 deiectis
791 1982 909 2025 atque
931 1974 1177 2013 inferioribus
1201 1974 1296 2013 locis
1318 1974 1498 2013 constite-

172 2047 239 2087 rat,
272 2048 404 2079 tamen
437 2054 591 2079 summa
621 2040 660 2077 in
692 2040 825 2090 iugum
860 2039 1000 2078 virtute
1031 2039 1215 2078 conititur
1247 2047 1365 2088 atque
1398 2039 1497 2078 inter

115 2114 154 2144 30
172 2105 268 2142 duas
298 2104 401 2143 acies
432 2104 681 2154 perequitans
714 2103 1026 2142 commodiorem
1059 2117 1105 2141 ac
1137 2103 1320 2141 tutiorem
1355 2103 1496 2141 nostris

171 2175 370 2218 receptum
394 2169 470 2207 dat.
533 2170 593 2207 Ita
619 2168 724 2207 vario
749 2168 960 2207 certamine
989 2175 1206 2217 pugnatum
1234 2175 1301 2206 est.
1362 2168 1495 2206 Nostri
1515 2179 1535 2208 4

214 2279 233 2309 5
258 2275 396 2300 nostros
414 2292 421 2300 .
441 2292 447 2300 .
467 2292 474 2300 .
493 2280 521 2300 c.
538 2280 591 2309 47,
611 2272 626 2307 ξ
645 2279 664 2308 3
680 2268 855 2309 superiore
872 2280 938 2301 om.
955 2269 1000 2299 D'
1183 2271 1203 2300 6
1228 2270 1382 2300 derectus
1402 2270 1493 2300 U'V:

171 2313 319 2344 directus
334 2313 399 2343 LT
485 2315 522 2343 16
545 2314 754 2353 augebantur
766 2313 804 2343 L‘
820 2325 826 2344 ε
850 2314 1038 2361 augebatumr
1054 2313 1095 2344 T'
1184 2314 1301 2352 copiae
1313 2313 1353 2344 L'
1367 2325 1372 2342 τ
1398 2314 1493 2352 copia

1017 2367 1024 2383 1

177 2389 212 2419 T‘
343 2399 384 2430 29
408 2399 534 2420 summa
551 2390 584 2420 in
601 2390 874 2421 Forclzltmmner:
899 2395 1028 2421 summu
1047 2389 1075 2419 L
1090 2401 1096 2419 τ
1122 2395 1251 2420 summu
1268 2392 1291 2424 β
