1705 2729
599 145 835 183 INCERTI
867 145 1148 183 AVCTORIS

211 256 379 305 praedae
414 254 546 305 cupidi
582 254 795 293 concidunt
834 268 955 304 seque
994 254 1032 292 in
1072 268 1340 304 quascumque
1375 263 1537 305 potuere

175 333 192 362 3
212 319 329 369 partis
350 321 566 357 conferunt.
628 320 670 358 C.
691 318 844 357 interim
861 318 1064 369 Vergilius,
1081 327 1290 369 postquam
1311 327 1409 357 terra
1430 319 1540 357 mari-

212 397 289 433 que
316 386 469 422 clausus
495 397 536 422 se
563 384 660 421 nihil
688 385 876 433 proficere
903 383 1091 422 intellexit
1119 397 1289 433 suosque
1316 383 1540 422 interfectos

211 456 278 486 aut
298 450 461 498 fugatos,
485 450 540 486 M.
565 450 760 487 Catonem
782 448 924 487 Uticae
945 448 1018 486 sibi
1039 448 1167 498 ipsum
1189 461 1326 486 manus
1353 448 1537 495 attulisse,

212 526 342 562 regem
377 526 518 561 vagum
550 513 600 550 ab
627 512 786 562 suisque
818 514 1016 551 desertum
1043 513 1094 550 ab
1121 512 1305 550 omnibus
1331 511 1537 562 aspernari,

213 576 421 614 Saburram
461 576 624 626 eiusque
662 576 795 626 copias
833 577 883 615 ab
923 576 1036 615 Sittio
1075 590 1160 614 esse
1198 578 1357 623 deletas,
1399 576 1541 615 Uticae

213 641 422 678 Caesarem
457 640 540 679 sine
570 654 679 679 mora
707 649 920 690 receptum,
943 641 993 678 de
1023 648 1133 678 tanto
1161 640 1330 679 exercitu
1360 640 1541 690 reliquias

213 717 298 743 esse
316 707 453 751 nullas,
478 705 560 755 ipse
587 705 661 743 sibi
685 705 843 754 suisque
870 705 1000 743 liberis
1026 718 1049 742 a
1077 704 1245 743 Caninio
1269 718 1339 755 pro
1366 707 1537 752 consule,

213 768 279 817 qui
314 782 405 806 eum
439 769 658 815 obsidebat,
692 770 770 807 fide
803 777 965 818 accepta
999 782 1120 818 seque
1154 777 1192 807 et
1226 782 1295 807 sua
1333 769 1465 808 omnia
1503 777 1541 808 et

214 833 406 882 oppidum
437 833 661 883 proconsuli
690 833 815 871 tradit.

139 909 195 947 94
271 899 357 935 Rex
385 897 539 935 interim
569 899 619 936 ab
649 898 833 936 omnibus
863 898 1085 936 civitatibus
1115 900 1304 946 exclusus,
1337 900 1541 949 desperata

86 954 91 959 ¹
215 963 349 1008 salute,
373 976 463 1000 cum
491 962 569 1000 iam
595 970 756 1000 cenatus
781 971 883 1001 esset
909 977 999 1001 cum
1023 963 1186 1010 Petreio,
1209 971 1251 1001 ut
1271 977 1340 1013 per
1359 963 1540 1002 virtutem

214 1026 405 1064 interfecti
440 1040 524 1065 esse
558 1027 792 1073 viderentur,
826 1029 926 1065 ferro
958 1027 1058 1065 inter
1088 1041 1129 1066 se
1163 1029 1391 1078 depugnant
1423 1036 1541 1078 atque

214 1090 358 1128 firmior
373 1090 669 1129 imbecilliorem
693 1092 793 1129 Iuba
814 1091 1010 1129 Petreium
1031 1092 1143 1130 facile
1164 1093 1263 1130 ferro
1283 1092 1537 1142 consumpsit.

175 1168 189 1188 2
215 1154 371 1193 Deinde
401 1155 483 1205 ipse
510 1155 584 1193 sibi
611 1169 701 1193 cum
727 1163 933 1193 conaretur
961 1155 1092 1205 gladio
1117 1156 1276 1194 traicere
1301 1164 1437 1206 pectus
1466 1170 1539 1195 nec

212 1227 355 1268 posset,
390 1219 570 1269 precibus
604 1232 626 1256 a
658 1232 768 1257 servo
801 1233 871 1257 suo
906 1219 1125 1269 impetravit
1160 1228 1201 1258 ut
1232 1234 1273 1258 se
1307 1220 1541 1259 interficeret

213 1282 332 1332 idque
362 1283 540 1321 obtinuit.

140 1352 193 1390 95
268 1349 307 1384 Ρ.
328 1347 461 1385 Sittius
483 1347 636 1386 interim
659 1350 771 1397 pulso
793 1349 964 1387 exercitu
985 1349 1186 1395 Saburrae,
1203 1349 1386 1398 praefecti
1405 1350 1538 1395 Iubae,

214 1412 379 1461 ipsoque
409 1412 613 1450 interfecto
644 1426 735 1450 cum
768 1413 838 1451 iter
869 1426 958 1450 cum
991 1413 1124 1462 paucis
1155 1427 1222 1462 per
1253 1414 1540 1452 Mauretaniam

213 1478 262 1514 ad
285 1478 494 1515 Caesarem
521 1478 675 1523 faceret,
698 1479 795 1515 forte
816 1477 953 1515 incidit
974 1477 1012 1514 in
1036 1480 1222 1516 Faustum
1243 1478 1539 1527 Afraniumque,

213 1540 279 1590 qui
311 1554 395 1578 eam
428 1554 588 1578 manum
616 1542 816 1579 habebant
841 1555 918 1590 qua
940 1541 1099 1580 Uticam
1123 1541 1363 1590 diripuerant
1393 1541 1541 1591 iterque

213 1606 251 1642 in
285 1605 520 1654 Hispaniam
553 1605 813 1644 intendebant
839 1613 877 1643 et
908 1614 1016 1643 erant
1051 1619 1214 1644 numero
1246 1605 1397 1644 circiter
1424 1606 1538 1644 mille.

176 1684 190 1704 2
215 1672 355 1718 Itaque
390 1669 564 1707 celeriter
598 1677 793 1707 nocturno
824 1677 1000 1718 tempore
1034 1669 1184 1707 insidiis
1218 1669 1416 1719 dispositis
1450 1683 1539 1708 cum

214 1734 337 1783 prima
371 1736 458 1772 luce
489 1736 649 1772 adortus
684 1743 834 1783 praeter
867 1747 1013 1783 paucos
1046 1734 1207 1783 equites,
1241 1734 1307 1784 qui
1339 1748 1385 1772 ex
1415 1734 1541 1784 primo

212 1799 367 1847 agmine
398 1800 585 1848 fugerant,
618 1798 788 1848 reliquos
817 1806 884 1836 aut
913 1798 1103 1836 interfecit
1133 1807 1199 1836 aut
1229 1799 1268 1836 in
1297 1798 1541 1837 deditionem

212 1864 373 1913 accepit,
399 1863 602 1901 Afranium
628 1871 665 1901 et
687 1866 874 1901 Faustum
902 1877 990 1902 cum
1019 1863 1185 1913 coniuge
1211 1871 1249 1901 et
1278 1863 1407 1901 liberis
1434 1863 1541 1901 vivos

175 1928 326 1978 3capit.
400 1928 539 1966 Paucis
578 1935 667 1977 post
706 1928 846 1966 diebus
884 1927 1129 1965 dissensione
1168 1927 1207 1964 in
1247 1927 1416 1966 exercitu
1458 1934 1542 1966 orta

215 1995 379 2030 Faustus
415 2000 451 2030 et
486 1992 668 2030 Afranius
700 1992 1006 2035 interficiuntur;
1046 1991 1256 2042 Pompeiae
1288 2005 1377 2030 curn
1411 1991 1541 2030 Fausti

213 2057 342 2095 liberis
366 2058 509 2096 Caesar
530 2057 840 2095 incolumitatem
862 2070 1009 2105 suaque
1029 2056 1163 2094 omnia
1183 2056 1386 2094 concessit.

257 2162 277 2191 8
302 2160 374 2200 ipse
392 2165 433 2190 λς
469 2171 556 2200 quae
579 2159 616 2189 X
766 2171 787 2199 9
811 2170 886 2191 eum
903 2158 1003 2189 λῗΔῗε
1035 2165 1103 2190 tum
1129 2158 1166 2187 X
1317 2164 1456 2198 accepta
1477 2160 1540 2190 λδε

215 2210 358 2243 excepta
375 2202 412 2232 X
568 2214 604 2233 12
629 2208 791 2234 coenatus
810 2204 949 2233 Gruter:
982 2208 1123 2233 conatus
1145 2201 1183 2231 Χ
1344 2212 1418 2232 cum
1438 2202 1538 2233 virtu-

213 2253 247 2278 te
274 2250 296 2281 β
492 2249 529 2277 18
555 2248 687 2277 interim
715 2247 813 2285 pulso
840 2247 923 2276 A²5z
957 2245 1141 2284 interpulso
1168 2245 1295 2276 DFT‘:
1332 2246 1409 2276 item
1438 2246 1538 2276 inter-

215 2291 310 2330 pulso
331 2290 400 2320 LU
542 2302 578 2329 19
604 2301 664 2329 per
688 2290 932 2320 Mauretaniam
952 2289 1008 2319 del.
1036 2288 1212 2328 IVerfflin:
1245 2292 1317 2327 post
1339 2288 1539 2328 Hispaniam

215 2334 401 2374 transponit
416 2333 556 2364 Moelken
692 2344 732 2363 22
757 2333 861 2373 mille]
884 2343 921 2363 00
936 2332 992 2362 D:
1017 2342 1056 2363 co
1079 2331 1132 2363 T':
1159 2341 1208 2362 MD
1226 2330 1267 2360 L'
1399 2342 1440 2370 23
1465 2341 1539 2361 cum

216 2377 310 2408 DT':
338 2387 397 2407 eos
415 2376 454 2406 L‘

1560 524 1578 555 5

1564 844 1602 866 10

1563 1493 1603 1514 20

1564 1814 1599 1845 25
