1705 2729
83 519 100 550 5

64 841 101 865 10

62 1161 97 1192 Ι5

58 1484 97 1506 20

343 140 416 175 DE
449 139 628 176 BELLO
659 140 1020 177 HISPANIENSI
1053 141 1223 178 LIBER

122 249 265 287 sidium
287 249 521 287 mittendum
543 263 583 288 se
604 250 873 288 committeret.
919 251 979 287 Ita
995 251 1112 288 fretus
1130 251 1315 301 opinione
1332 253 1442 291 tertia

121 313 248 363 vigilia
286 315 482 363 profectus
521 316 722 352 castellum
762 326 989 363 oppugnare
1023 314 1163 364 coepit.
1235 317 1337 354 Cum
1379 330 1442 366 ap-
1464 334 1477 355 2

120 377 457 427 propinquassent,
485 380 654 417 clamore
682 377 887 428 repentino
915 380 1162 428 telorumque
1191 380 1442 419 multitudine

120 440 242 479 iactus
271 443 397 480 facere
421 450 645 492 coeperunt,
668 441 724 480 uti
750 455 932 491 magnam
959 450 1109 492 partem
1134 443 1339 481 hominum
1363 446 1442 482 vul-

120 505 277 544 neribus
297 507 521 544 adficerent.
572 507 664 555 Quo
684 514 851 557 peracto,
870 520 961 544 cum
982 520 1029 545 ex
1048 509 1208 546 castello
1228 522 1442 558 repugnare
1462 528 1479 557 3

120 570 341 619 coepissent
362 570 652 621 maioribusque
672 571 804 609 castris
821 571 979 610 Caesari
994 571 1154 609 nuntius
1170 580 1271 610 esset
1289 574 1438 620 allatus,

119 647 210 671 cum
232 646 277 671 111
300 634 518 684 legionibus
539 642 596 672 est
616 636 822 684 profectus,
845 642 888 672 ut
908 635 1176 673 laborantibus
1203 644 1442 675 succurreret

119 697 260 735 nostris
275 712 285 745 ,·
313 706 352 736 et
372 711 462 736 cum
477 700 527 737 ad
544 712 611 737 eos
631 698 993 748 appropinquasset,
1011 701 1101 749 fuga
1121 700 1309 749 perterriti
1330 700 1442 738 multi

120 770 210 800 sunt
229 762 430 809 interfecti,
447 765 667 812 complures
683 762 797 812 capti,
812 762 852 800 in
869 763 1011 812 quibus
1028 765 1109 802 duo
1126 794 1133 801 .
1152 795 1159 801 .
1180 794 1186 801 .
1206 764 1316 802 multi
1338 778 1442 815 prae-

120 834 225 865 terea
243 826 359 864 armis
380 826 483 865 exuti
504 828 698 877 fugerunt,
718 840 886 876 quorum
907 834 1017 865 scuta
1037 835 1127 866 sunt
1147 829 1266 866 relata
1287 840 1411 867 LXXX.

174 890 403 939 Insequenti
432 892 519 928 luce
548 891 755 940 Arguetius
784 905 831 929 ex
862 891 974 929 Italia
1003 905 1093 929 cum
1124 892 1298 941 equitatu
1323 893 1438 932 venit.
1461 906 1506 933 10

120 956 159 992 Is
189 954 297 1004 signa
325 954 628 1004 Saguntinorum
655 955 800 993 rettulit
826 955 1012 1005 quinque,
1035 969 1136 1005 quae
1159 957 1209 993 ab
1233 956 1441 1006 oppidanis

117 1018 231 1069 cepit.
292 1020 372 1057 Suo
393 1021 481 1057 loco
501 1019 750 1069 praeteritum
772 1027 829 1058 est
850 1021 958 1069 quod
980 1020 1129 1069 equites
1151 1034 1196 1058 ex
1218 1021 1330 1059 Italia
1350 1035 1438 1059 cum
1463 1039 1476 1059 2

118 1085 335 1132 Asprenate
373 1084 424 1121 ad
463 1085 670 1122 Caesarem
709 1083 916 1122 venissent.
989 1086 1045 1122 Ea
1079 1092 1194 1122 nocte
1229 1085 1440 1135 Pompeius

117 1155 242 1185 castra
279 1160 350 1185 sua
386 1147 560 1186 incendit
598 1156 636 1186 et
673 1149 723 1186 ad
768 1149 996 1187 Cordubam
1037 1162 1168 1187 versus
1207 1149 1277 1188 iter
1315 1151 1441 1189 facere

117 1212 257 1261 coepit.
319 1213 404 1250 Rex
435 1212 595 1250 nomine
627 1213 740 1259 Indo,
769 1212 835 1262 qui
865 1226 952 1250 cum
985 1212 1160 1261 equitatu
1190 1226 1278 1251 suas
1307 1213 1439 1263 copias
1462 1230 1478 1259 ς,

118 1277 343 1322 adduxerat,
369 1277 464 1314 dum
495 1276 675 1325 cupidius
704 1289 844 1326 agmen
874 1276 1182 1314 adversariorum
1212 1277 1440 1326 insequitur,

118 1354 141 1379 a
160 1340 374 1379 vernaculis
395 1340 613 1391 legionariis
634 1349 818 1390 exceptus
839 1348 897 1380 est
917 1349 954 1379 et
975 1341 1209 1380 interfectus.

173 1407 333 1444 Postero
363 1405 427 1444 die
456 1405 606 1455 equites
636 1405 755 1443 nostri
786 1406 938 1455 longius
966 1407 1016 1444 ad
1047 1407 1276 1445 Cordubam
1306 1420 1437 1446 versus
1457 1421 1491 1449 11

117 1469 312 1520 prosecuti
351 1477 441 1507 sunt
474 1483 541 1508 eos
575 1470 641 1519 qui
676 1478 919 1508 commeatus
952 1472 1002 1508 ad
1037 1478 1160 1508 castra
1195 1471 1357 1521 Pompei
1393 1486 1438 1510 ex

116 1534 263 1584 oppido
284 1535 501 1583 portabant.
562 1536 620 1572 Ex
650 1534 708 1572 his
738 1534 841 1584 capti
867 1546 889 1571 L
915 1548 1005 1572 cum
1027 1534 1209 1573 iumentis
1233 1537 1284 1574 ad
1308 1543 1437 1574 nostra

114 1598 275 1637 adducti
305 1605 395 1636 sunt
425 1606 558 1636 castra.
619 1600 679 1636 Eo
699 1598 763 1636 die
785 1599 833 1646 Q.
859 1598 1041 1645 Marcius,
1065 1599 1243 1637 tribunus
1271 1599 1437 1637 militum
1461 1617 1474 1637 2

114 1663 181 1712 qui
202 1663 335 1701 fuisset
358 1662 532 1712 Pompei,
554 1663 605 1701 ad
627 1676 698 1701 nos
719 1662 946 1712 transfugit3
975 1670 1013 1701 et
1032 1663 1159 1701 noctis
1180 1663 1291 1701 tertia
1311 1663 1438 1713 vigilia

114 1726 154 1764 in
181 1727 329 1777 oppido
355 1727 541 1765 acerrime
568 1734 783 1776 pugnatum
812 1734 878 1773 est,
903 1726 1112 1776 ignemque
1137 1729 1303 1765 multum
1328 1728 1438 1765 mise-

115 1799 203 1829 runt
234 1790 349 1843 [sicut
379 1804 497 1830 omne
525 1805 647 1841 genus
677 1791 819 1841 quibus
847 1791 945 1841 ignis
972 1805 1040 1841 per
1065 1792 1188 1830 iactus
1215 1792 1350 1830 solitus
1381 1800 1437 1830 est

116 1855 242 1908 mitti].
304 1858 395 1894 Hoc
425 1856 632 1905 praeterito
661 1864 838 1906 tempore
869 1858 911 1896 C.
937 1857 1179 1905 Fundanius,
1209 1870 1328 1907 eques
1360 1859 1438 1895 Ro·
1459 1869 1475 1898 :3

114 1935 264 1968 manus,
288 1935 333 1959 ex
354 1921 812 1960 castris'adversariorum
835 1923 884 1960 ad
906 1935 977 1960 nos
994 1922 1206 1972 transfugit.

162 2024 173 2044 1
202 2014 401 2044 mittendum
419 2023 457 2044 se
477 2014 700 2044 committeret
724 2013 919 2054 Nipperdey:
939 2013 1212 2044 committendum
1232 2023 1267 2044 se
1291 2014 1437 2044 mitteret

113 2055 150 2085 X
317 2057 381 2097 Ita]
399 2057 453 2087 illa
476 2057 652 2087 Fleisclzer:
684 2057 782 2096 vulgo
807 2057 857 2087 Ita
882 2058 943 2087 hac
1098 2067 1118 2095 3
1142 2067 1209 2095 que
1233 2067 1297 2087 om.
1324 2056 1439 2087 Novak

113 2109 132 2138 5
159 2104 295 2139 peracto
313 2102 381 2130 Δδε
415 2105 514 2139 pacto
530 2099 568 2129 X
695 2102 716 2129 6
740 2100 898 2130 Caesaris
925 2099 1021 2130 L¹Ul
1168 2110 1184 2138 7
1210 2099 1304 2130 verba
1321 2105 1357 2130 ut
1375 2123 1381 2129 .
1402 2124 1407 2129 .
1429 2124 1435 2130 .

114 2143 237 2173 nostris
269 2143 330 2173 linc
351 2143 490 2177 (nostris
509 2148 571 2183 pro
595 2144 699 2174 nostri
725 2144 851 2183 scripio>
880 2147 1035 2183 transpos.
1057 2143 1260 2183 szpperdey:
1292 2144 1325 2173 in
1350 2143 1438 2173 libris

113 2185 345 2226 legunturpost
355 2187 466 2224 coepit
476 2188 600 2227 supra§
618 2197 631 2217 1
723 2197 744 2225 9
756 2191 831 2226 post
840 2187 906 2216 duo
917 2186 992 2217 add.
1008 2186 1224 2217 centuriones
1239 2185 1437 2226 Oudendorp

116 2238 150 2258 11
176 2229 351 2267 Arquitius
383 2228 580 2270 Nipperdey:
620 2229 661 2259 A.
690 2229 824 2260 Vettius
856 2229 989 2269 Lipsius
1153 2240 1190 2268 13
1216 2230 1436 2268 praeteritum

112 2271 255 2302 Davt'es:
280 2273 485 2310 praeteritus
501 2272 560 2304 L':
586 2274 805 2312 praeterr-itus
821 2272 909 2302 DT:
943 2273 1141 2312 perterritus
1163 2272 1191 2301 V
1320 2283 1361 2303 22
1386 2272 1437 2303 Eo

112 2314 246 2345 DU‘T‘:
265 2324 371 2353 eoque
386 2315 412 2344 L
473 2326 514 2354 23
531 2316 683 2349 suissetB
699 2328 705 2346 :
723 2316 827 2346 fuitD
886 2326 926 2354 24
944 2316 992 2356 in]
1007 2327 1049 2346 ex
1062 2315 1219 2346 Flm'scher
1274 2325 1315 2353 25
1333 2316 1435 2355 sicut]

113 2367 159 2387 sc.
178 2357 336 2395 (scilicet)
356 2358 559 2398 Hoffmann,
577 2360 635 2398 qui
646 2359 739 2389 verba
755 2359 860 2389 sicut.
878 2382 883 2388 .
898 2381 904 2388 .
918 2359 1002 2389 mitti
1019 2359 1087 2390 secl.
1177 2359 1296 2398 quibus
1313 2370 1378 2389 om.
1398 2359 1428 2388 T
