1705 2729
610 125 654 161 C.
689 125 804 161 IVLI
837 125 1105 163 CAESARIS

190 242 227 271 et
262 232 456 283 quidquid
491 240 549 272 est
583 234 853 283 contignatum
888 235 1057 273 cratibus
1089 237 1359 285 consternitur,
1393 246 1517 278 crates

153 309 170 338 3
190 299 272 335 luto
299 298 532 347 integuntur.
594 300 675 338 Sub
707 307 810 337 tecto
845 300 955 338 miles
986 302 1119 339 dextra
1147 314 1193 339 ac
1223 302 1375 341 sinistra
1405 317 1517 342 muro

189 370 325 409 tectim,
348 364 534 402 adversus
554 364 677 413 plutei
698 364 867 412 obicem,
889 365 995 414 operi
1024 379 1298 416 quaecumque
1319 376 1408 406 sunt
1429 369 1516 406 usui

148 439 167 469 4
189 426 272 464 sine
320 427 494 476 periculo
546 436 759 478 supportat.
837 430 1024 468 Celeriter
1077 444 1136 469 res
1193 432 1517 482 administratur3

188 491 361 530 diuturni
400 493 542 531 laboris
583 493 862 532 detrimentum
903 496 1071 534 sollertia
1110 504 1148 535 et
1177 496 1317 535 virtute
1347 498 1514 537 militum

188 556 293 593 brevi
324 557 605 596 reconciliatur.
668 560 807 596 Portae
832 559 975 609 quibus
1003 560 1099 598 locis
1126 561 1280 600 videtur
1299 563 1514 613 eruptionis

186 633 304 659 causa
324 622 363 659 in
386 636 497 660 muro
518 622 799 672 relinquuntur.

119 680 165 717 16
241 687 362 734 Quod
389 687 455 725 ubi
484 689 615 726 hostes
644 688 824 727 viderunt
856 703 902 727 ea
931 703 1032 739 quae
1061 690 1129 729 diu
1159 692 1358 741 longoque
1387 693 1514 742 spatio

184 751 289 789 refici
311 765 390 790 non
412 765 527 802 posse
547 760 767 802 sperassent
783 767 997 803 paucorum
1014 754 1165 793 dierum
1183 768 1301 805 opera
1321 764 1359 794 et
1379 757 1512 795 labore

184 815 236 854 ita
263 818 405 855 refecta
439 825 481 856 ut
510 819 639 856 nullus
671 818 857 868 perfidiae
891 833 1020 869 neque
1052 820 1246 870 eruptioni
1270 822 1380 860 locus
1409 830 1511 860 esset

183 893 257 918 nec
284 881 496 931 quicquam
524 882 688 920 omnino
715 883 996 933 relinqueretur
1022 897 1100 933 qua
1125 892 1191 923 aut
1216 885 1301 923 telis
1322 885 1510 924 militibus

147 958 162 979 2
182 952 249 983 aut
271 945 349 995 igni
370 946 554 995 operibus
575 946 707 986 noceri
727 955 870 996 posset,
894 949 1116 998 eodemque
1136 951 1317 999 exemplo
1337 950 1511 989 sentiunt

115 1005 120 1010 ⁸
182 1017 305 1048 totam
344 1011 494 1059 urbem,
531 1025 608 1061 qua
639 1012 687 1050 sit
725 1012 854 1051 aditus
885 1014 935 1052 ab
970 1020 1078 1060 terra,
1116 1027 1227 1052 muro
1261 1014 1510 1065 turribusque

181 1075 474 1114 circummuniri
508 1090 624 1126 posse
655 1077 710 1116 sic
744 1085 785 1116 ut
816 1078 908 1128 ipsis
939 1078 1180 1117 consistendi
1210 1079 1249 1117 in
1277 1079 1356 1118 suis
1385 1080 1509 1118 muni-

180 1139 354 1179 tionibus
376 1142 487 1179 locus
512 1154 593 1179 non
614 1149 727 1189 esset,
749 1156 840 1180 cum
868 1156 994 1193 paene
1021 1143 1270 1182 inaedificata
1290 1142 1350 1197 [in
1371 1140 1510 1195 muris]

179 1204 230 1242 ab
265 1204 435 1242 exercitu
474 1212 608 1243 nostro
644 1205 801 1244 moenia
832 1205 1054 1244 viderentur
1087 1219 1133 1244 ac
1167 1208 1244 1245 tela
1281 1220 1400 1245 manu
1431 1208 1508 1247 coi-

142 1282 159 1312 3
179 1277 359 1308 cerentur
379 1283 619 1320 suorumque
649 1278 932 1309 tormentorum
961 1285 1086 1319 usum,
1109 1271 1252 1321 quibus
1272 1272 1345 1322 ipsi
1367 1286 1508 1323 magna

179 1335 448 1384 speravissent,
471 1335 571 1385 spati
590 1336 881 1385 propinquitate
908 1336 1063 1375 interire
1089 1336 1250 1386 parique
1271 1337 1507 1377 condicione

177 1413 224 1438 ex
254 1413 366 1439 muro
395 1414 440 1438 ac
470 1400 638 1439 turribus
664 1401 837 1439 bellandi
864 1403 955 1440 data
987 1415 1028 1440 se
1054 1401 1194 1440 virtute
1223 1402 1363 1440 nostris
1392 1403 1506 1441 adae-

176 1477 296 1514 quare
324 1478 403 1503 non
438 1478 553 1514 posse
588 1465 828 1515 intellegunt,
860 1467 910 1505 ad
941 1467 1099 1505 easdem
1130 1465 1341 1505 deditionis
1371 1467 1504 1506 condi-

177 1528 310 1568 ciones
341 1537 551 1568 recurrunt.

113 1598 155 1636 17
231 1596 285 1632 M.
310 1596 433 1633 Varro
465 1594 504 1632 in
536 1594 717 1633 ulteriore
743 1595 938 1645 Hispania
968 1596 1079 1636 initio
1108 1596 1273 1647 cognitis
1303 1596 1358 1635 eis
1387 1597 1503 1636 rebus

175 1672 275 1708 quae
318 1667 408 1698 sunt
450 1659 489 1697 in
537 1659 649 1698 Italia
691 1668 822 1709 gestae
871 1661 1053 1700 diffidens
1097 1662 1348 1712 Pompeianis
1386 1662 1502 1700 rebus

138 1737 152 1757 2
173 1723 409 1762 amicissime
448 1725 498 1763 de
540 1725 707 1764 Caesare
746 1726 1005 1774 loquebatur:
1046 1734 1377 1776 praeoccupatum
1417 1739 1502 1765 sese

173 1789 367 1837 legatione
394 1789 445 1827 ab
470 1790 542 1828 Cn.
576 1789 768 1839 Pompeio
797 1791 919 1829 teneri
944 1791 1174 1830 obstrictum
1200 1793 1279 1830 fide
1292 1806 1303 1839 3
1337 1791 1501 1830 necessi-

173 1853 350 1892 tudinem
381 1853 541 1903 quidem
577 1853 650 1892 sibi
689 1854 814 1893 nihilo
845 1855 1037 1894 minorem
1067 1869 1157 1894 curn
1188 1857 1355 1895 Caesare
1388 1855 1501 1894 inter-

172 1919 322 1965 cedere,
356 1931 484 1968 neque
515 1931 556 1956 se
586 1918 772 1968 ignorare,
805 1921 913 1969 quod
952 1927 1053 1958 esset
1087 1920 1259 1958 officium
1289 1920 1403 1971 legati
1433 1921 1499 1970 qui

170 1982 411 2020 fiduciariam
433 1996 592 2033 operam
614 1984 818 2031 obtineret,
837 1997 937 2034 quae
957 1984 1056 2023 vires
1077 1998 1180 2032 suae,
1199 1998 1299 2034 quae
1318 1986 1499 2024 voluntas

134 2058 151 2088 3
171 2060 259 2095 erga
289 2047 497 2085 Caesarem
531 2048 649 2086 totius
677 2048 909 2098 provinciae.
989 2050 1102 2087 Haec
1136 2049 1321 2087 omnibus
1350 2049 1498 2087 ferebat

131 2128 151 2157 4
170 2111 415 2149 sermonibus
447 2125 577 2162 neque
606 2125 647 2150 se
678 2112 717 2150 in
752 2114 870 2151 ullam
901 2120 1050 2162 partem
1085 2114 1278 2152 movebat.
1356 2115 1498 2152 Postea

213 2226 232 2244 2
258 2215 327 2244 luto
351 2214 408 2245 T‘:
433 2215 570 2254 lutoque
588 2219 651 2245 cell.
786 2226 805 2254 3
829 2216 960 2246 obiectu
978 2216 1109 2247 Aldus:
1135 2217 1266 2248 obiecto
1283 2217 1320 2246 X
1459 2229 1497 2249 10

170 2258 279 2287 nullus
296 2260 311 2288 δ
326 2270 331 2287 ;
371 2258 494 2288 nullius
511 2257 548 2287 X
725 2269 759 2288 11
787 2259 864 2289 telis
880 2259 1152 2290 Forclzlmmmer:
1186 2261 1235 2291 eis
1252 2259 1288 2289 X
1458 2272 1493 2300 14

169 2302 414 2331 circummuniri
433 2301 580 2332 Ai'cai‘d:
606 2302 773 2332 circumiri
793 2301 830 2331 X
962 2304 1001 2333 16
1025 2303 1091 2333 tela
1107 2303 1175 2334 D':
1199 2304 1300 2334 telum
1318 2306 1341 2339 β
1430 2306 1494 2335 coi-

168 2349 325 2374 cerentur
341 2344 481 2384 D‘Vpr.
500 2357 506 2376 :
543 2346 733 2375 coiceretur
750 2345 858 2376 L‘TV
871 2357 947 2377 corr.
1130 2349 1167 2378 18
1191 2348 1441 2386 superavissent
1466 2349 1494 2378 L

168 2388 254 2426 spati
273 2389 523 2427 propinquitate
541 2388 646 2421 Held:
672 2390 780 2428 spatio
799 2390 916 2428 (spacii
937 2389 976 2430 V>
996 2391 1257 2430 propinquitatis
1274 2390 1311 2420 X

1535 510 1552 541 5

1533 837 1572 859 10

1530 1157 1567 1191 15

1525 1483 1566 1505 20

1521 1807 1560 1838 ²5

1517 2129 1558 2160 30
