1705 2729
87 545 104 576 5

69 867 104 889 10

60 1516 98 1538 20

351 166 424 203 DE
457 165 636 203 BELLO
669 165 1030 202 HISPANIENSI
1062 165 1231 202 LIBER

130 288 341 313 concursus
376 276 501 313 facere
539 281 763 324 coeperunt,
797 273 991 324 simulque
1023 274 1326 313 vociferantibus
1361 275 1449 325 legi-

128 339 280 386 onariis,
327 353 417 377 cum
458 340 588 377 locum
626 338 888 388 efflagitarent,
935 346 977 376 ut
1021 339 1199 376 consueti
1243 339 1450 389 insequi-—

127 404 343 442 existimare
364 416 498 453 posses
518 402 781 453 paratissimos
811 416 895 440 esse
923 404 973 440 ad
1003 402 1450 441 dimicandum—nostri

126 481 172 505 ex
205 467 342 505 humili
374 468 550 505 convalle
584 467 685 505 bene
716 468 831 516 longe
862 473 952 504 sunt
983 466 1123 516 egressi
1157 474 1195 504 et
1226 466 1385 516 planitie
1410 467 1448 504 in

125 531 308 581 aequiore
346 533 435 569 loco
473 530 739 569 constiterunt.
800 530 861 568 Illi
901 538 1032 568 tamen
1070 532 1205 580 procul
1245 531 1367 568 dubio
1398 533 1448 569 ad
1470 544 1487 574 3

125 595 459 645 congrediendum
480 595 519 632 in
540 608 710 644 aequum
734 596 865 633 locum
887 609 966 633 non
988 603 1077 633 sunt
1103 596 1187 633 ausi
1209 597 1449 634 descendere

124 667 275 709 praeter
301 673 423 698 unum
444 659 658 698 Antistium
680 659 947 708 Turpionem3
976 659 1043 709 qui
1073 660 1198 697 fidens
1228 659 1372 698 viribus
1403 674 1449 698 ex

123 724 349 763 adversariis
379 724 451 763 sibi
482 738 613 774 parem
643 738 727 762 esse
757 724 955 762 neminem
984 724 1128 773 agitare
1154 724 1294 774 coepit.
1355 724 1446 771 Hic,
1467 738 1486 768 4

123 796 165 827 ut
198 791 316 827 fertur
349 788 511 826 Achillis
547 788 854 837 Memnonisque
882 801 1121 837 congressus,
1155 789 1203 836 Q.
1237 788 1448 838 Pompeius

124 853 253 903 Niger,
286 866 405 903 eques
436 855 640 891 Romanus
666 852 893 899 Italicensis‚
930 866 975 890 ex
1006 852 1089 890 acie
1116 860 1248 890 nostra
1280 854 1330 890 ad
1358 866 1449 890 con-

121 917 377 967 grediendum
425 930 648 966 progressus
697 925 763 955 est.
838 917 1036 965 Quoniam
1079 916 1259 955 ferocitas
1301 916 1445 954 Antisti
1467 929 1483 959 5

122 981 298 1019 omnium
329 981 469 1019 mentis
499 989 740 1019 converterat
766 982 815 1019 ab
843 993 960 1030 opere
979 982 1030 1019 ad
1051 981 1323 1030 spectandum,
1344 980 1446 1018 acies

121 1053 210 1083 sunt
240 1045 478 1095 dispositae:
508 1059 598 1083 nam
630 1045 728 1084 inter
758 1046 963 1083 bellatores
992 1044 1186 1094 principes
1216 1044 1336 1082 dubia
1366 1053 1445 1082 erat

120 1109 247 1159 posita
279 1110 449 1156 victoria,
481 1118 523 1148 ut
553 1123 673 1159 prope
703 1109 897 1148 videretur
926 1110 1043 1147 finem
1074 1109 1246 1147 bellandi
1277 1110 1444 1147 duorum

120 1173 299 1212 dirimere
323 1187 462 1223 pugna.
524 1175 610 1213 *tlta
632 1173 734 1212 avidi
759 1173 971 1223 cupidique
998 1186 1153 1211 suarum
1175 1173 1341 1223 quisque
1364 1171 1444 1224 [ex]
1465 1178 1483 1209 6

120 1238 286 1288 partium
306 1238 474 1277 virorum
496 1240 770 1288 fautorumque
790 1240 968 1276 voluntas
986 1238 1211 1276 habebatur.
1264 1240 1442 1286 Quorum
1467 1250 1483 1282 7

118 1303 258 1342 virtute
286 1303 413 1350 alacri,
445 1317 534 1342 cum
565 1305 615 1342 ad
645 1303 913 1341 dimicandum
944 1303 983 1340 in
1014 1302 1213 1353 planitiem
1243 1316 1283 1341 se
1310 1310 1443 1341 contu-

119 1367 262 1415 lissent,
292 1375 570 1419 scutorumque
598 1368 723 1406 laudis
751 1367 916 1418 insignia
937 1368 1181 1417 praefulgens
1203 1380 1301 1417 opus
1324 1369 1444 1406 caela-

117 1441 200 1471 tum
223 1464 229 1471 .
254 1464 260 1471 .
285 1464 292 1471 .
316 1447 481 1483 quorum
510 1446 640 1483 pugna
668 1440 769 1471 esset
795 1446 917 1482 prope
941 1433 1116 1482 profecto
1137 1432 1341 1482 dirempta,
1370 1433 1442 1470 nisi

117 1505 274 1547 propter
294 1497 468 1547 equiturn
497 1511 740 1544 concessum,
765 1504 805 1535 ut
827 1510 941 1547 supra
968 1496 1322 1535 demonstravimus
1352 1528 1358 1534 .
1393 1528 1399 1534 .
1433 1528 1439 1535 .

117 1563 242 1600 levem
275 1569 509 1600 armaturam
538 1562 705 1612 praesidi
731 1575 847 1600 causa
874 1575 954 1599 non
979 1563 1095 1611 longe
1124 1562 1176 1599 ob
1207 1574 1323 1610 opere
1353 1592 1359 1598 .
1393 1591 1398 1598 .

116 1634 240 1664 castra
271 1626 506 1666 constituit³r.
567 1628 632 1673 Ut,
670 1626 789 1665 nostri
822 1626 972 1675 equites
1004 1626 1042 1663 in
1078 1632 1235 1675 receptu
1268 1626 1362 1663 dum
1393 1627 1442 1663 ad
1463 1632 1480 1660 8

116 1699 239 1730 castra
272 1693 446 1738 redeunt,
479 1691 685 1730 adversarii
723 1691 904 1741 cupidius
943 1698 1032 1729 sunt
1066 1690 1242 1736 insecuti,
1276 1690 1442 1728 universi

115 1757 284 1794 clamore
304 1757 407 1794 facto
427 1756 617 1805 impetum
638 1757 840 1794 dederunt.
902 1757 962 1793 Ita
992 1763 1098 1793 metu
1123 1754 1322 1804 perterriti,
1351 1767 1440 1792 cum
1461 1771 1480 1803 9

80 1841 93 1868 ²,
115 1819 153 1856 in
175 1821 263 1869 fuga
283 1828 422 1867 essent,
446 1819 576 1858 multis
596 1819 746 1858 amissis
768 1819 806 1857 in
827 1827 951 1858 castra
971 1833 1011 1857 se
1032 1819 1232 1869 recipiunt.

168 1885 312 1923 Caesar
331 1885 383 1922 ob
399 1884 578 1922 virtutem
600 1891 749 1922 turmae
766 1884 977 1923 Cassianae
997 1883 1156 1922 donavit
1178 1883 1283 1921 milia
1304 1895 1379 1921 XIII
1402 1891 1439 1922 et
1458 1886 1511 1922 26

158 2000 177 2020 2
201 1994 235 2019 ut
253 1990 405 2020 consueti
423 1990 553 2028 insequi
569 1989 668 2019 U'T‘:
696 1999 737 2019 ex
748 1989 995 2019 consuetudine
1008 1987 1200 2027 insequenti
1213 1986 1248 2016 D
1260 1989 1372 2026 Olim:
1395 1998 1439 2018 an

113 2032 336 2072 insequendi?
396 2032 688 2072 Inlmpnnctionem
718 2032 887 2062 vcrbormn
914 2032 1046 2070 insequi
1072 2056 1077 2062 .
1105 2056 1111 2062 .
1141 2056 1146 2061 .
1175 2031 1279 2061 nostri
1312 2033 1443 2061 correxit

113 2075 302 2106 Mommsen
434 2087 452 2113 4
478 2076 509 2105 in
530 2075 689 2114 aequiore
706 2074 845 2107 Davies:
873 2075 1055 2114 inaequore
1073 2075 1125 2106 D:
1161 2073 1317 2112 iniquiori
1338 2074 1438 2106 U'T‘:

114 2119 147 2148 in
162 2119 330 2158 iniquiore
348 2118 378 2147 V
466 2129 476 2148 1
487 2129 499 2148 1
520 2123 571 2148 est
584 2118 656 2149 add.
672 2119 732 2148 Δ’-’δ
815 2128 853 2156 13
871 2119 1044 2157 principes
1056 2118 1124 2148 edd.
1142 2129 1147 2147 :
1167 2122 1200 2147 et
1212 2117 1385 2156 principes
1396 2122 1417 2147 λ
1433 2128 1439 2147 :

113 2162 351 2201 principesque
364 2160 402 2190 X
499 2171 536 2200 15
556 2162 680 2192 Locum
690 2167 770 2201 prae
786 2161 911 2191 lacunis
928 2161 1280 2199 insanabilemfrustra
1296 2162 1440 2191 sescentis

114 2205 219 2234 modis
243 2208 492 2235 retractaverunt
513 2204 598 2236 codd.
628 2215 696 2235 rere.
725 2208 752 2234 et
775 2204 843 2235 edd.
950 2215 993 2234 ex
1010 2215 1075 2235 ont.
1094 2205 1126 2234 F
1133 2203 1181 2232 ¹V
1268 2214 1306 2242 19
1331 2214 1438 2242 prope

108 2252 181 2286 post
203 2258 307 2287 opere
333 2249 514 2288 transponit
535 2248 689 2278 Flcisclzer
917 2258 959 2277 20
983 2247 1193 2287 concessum]
1220 2256 1437 2286 congressum

112 2289 290 2330 Nipperdey
415 2301 454 2320 22
482 2291 539 2324 Ut,
565 2292 670 2321 nostri
695 2290 850 2320 Knebler:
877 2295 912 2320 ut
937 2291 1041 2321 nostri
1066 2290 1118 2320 X:
1145 2295 1180 2321 ut
1206 2296 1338 2330 n-ostros
1365 2289 1434 2321 edd.

113 2344 152 2372 24
179 2334 343 2364 dederunt
365 2333 452 2365 edd:
478 2335 640 2364 dederant
657 2333 694 2362 X
808 2335 849 2362 26
874 2333 962 2363 milia
979 2344 1041 2364 xm
1060 2333 1126 2364 edd.
1144 2345 1149 2363 1
1177 2334 1231 2363 mil
1249 2343 1310 2363 xm
1330 2332 1413 2363 rodd.
1431 2344 1436 2362 :

113 2377 286 2406 denarium
307 2377 368 2406 tria
386 2376 476 2406 milia
494 2376 681 2406 Mommsen
