1705 2729
593 133 637 171 C.
674 132 789 169 IVLI
821 132 1090 170 CAESARIS

181 245 336 289 Caesar,
362 250 401 281 ut
429 256 547 292 quam
574 242 847 291 angustissime
880 241 1110 290 Pompeium
1142 241 1368 288 contineret,
1394 243 1506 280 Pom-

179 306 299 356 pciUS,
323 314 365 344 ut
385 319 504 355 quam
531 305 718 355 plurimos
745 305 854 343 collis
875 319 992 354 quam
1021 305 1190 343 maximo
1211 306 1376 344 circuito
1395 320 1507 346 oecu-

143 378 311 420 21)al'6t;
353 371 567 420 crebraque
594 371 646 408 ob
671 383 757 408 eam
787 383 945 408 causam
977 369 1123 419 proelia
1153 370 1308 408 fiebant.
1370 372 1417 408 In
1445 370 1505 408 his

179 447 270 472 cum
294 434 394 483 legio
416 433 594 473 Caesaris
615 447 720 472 nona
744 433 981 483 praesidium
1006 434 1209 483 quoddam
1234 434 1504 484 occupavisset

178 505 216 536 et
246 498 396 537 munire
426 498 628 547 coepisset,
664 497 754 535 huic
786 499 874 536 loco
905 497 1170 547 propinquum
1201 505 1239 535 et
1268 497 1503 536 contrarium
1524 508 1542 540 5

178 565 319 601 collem
360 563 572 613 Pompeius
611 562 818 612 occupavit
860 571 1094 612 nostrosque
1132 575 1250 612 opere
1297 561 1505 612 prohibere

139 645 156 675 3
177 628 307 678 coepit
328 636 375 674 et,
399 641 489 666 cum
511 641 589 665 una
613 641 658 665 ex
682 634 790 676 parte
814 640 935 676 prope
961 639 1132 676 aequum
1159 626 1310 664 aditum
1331 627 1502 673 haberet,

178 692 348 742 primum
370 692 573 743 sagittariis
594 691 938 741 funditoribusque
958 690 1227 736 circumiectis,
1251 698 1388 740 postea
1411 690 1505 729 levis

175 764 393 795 armaturae
425 771 566 807 magna
597 756 847 794 multitudine
880 756 996 794 missa
1030 755 1313 805 tormentisque
1346 755 1505 805 prolatis

177 821 415 859 munitiones
462 820 730 871 impediebat3
787 834 915 870 neque
960 827 1041 858 erat
1087 819 1199 857 facile
1237 819 1377 858 nostris
1425 832 1505 857 uno
1527 834 1566 856 10

137 899 155 927 4
178 892 353 935 tempore
373 898 619 935 propugnare
640 893 677 923 et
698 884 858 922 munire.
922 885 1074 929 Caesar,
1094 897 1184 921 cum
1205 896 1296 921 suos
1318 898 1364 922 ex
1383 883 1506 922 omni-

176 949 250 987 bus
284 949 458 999 partibus
490 948 681 987 vulnerari
713 948 872 994 videret,
909 948 1079 998 recipere
1118 961 1159 986 se
1194 947 1302 986 iussit
1342 956 1379 986 et
1417 949 1506 987 loco

138 1028 154 1059 5
177 1015 374 1052 excedere.
437 1016 528 1051 Erat
549 1027 617 1063 per
637 1012 787 1051 declive
804 1020 992 1062 receptus.
1055 1011 1116 1050 Illi
1136 1019 1268 1050 autem
1289 1013 1365 1050 hoc
1380 1013 1505 1051 acrius

176 1077 373 1116 instabant
404 1092 533 1128 neque
564 1077 713 1127 regredi
752 1085 904 1115 nostros
936 1077 1183 1127 patiebantur
1221 1078 1329 1126 quod
1368 1077 1507 1116 timore

138 1149 156 1178 6
175 1142 337 1180 adducti
366 1144 497 1181 locum
522 1142 740 1191 relinquere
767 1142 1010 1180 videbantur.
1072 1141 1223 1180 Dicitur
1252 1155 1300 1180 eo
1330 1150 1505 1193 tempore
1528 1155 1565 1187 15

177 1207 347 1256 glorians
372 1209 478 1257 apud
507 1221 598 1245 suos
628 1206 838 1256 Pompeius
859 1206 1002 1244 dixisse
1027 1220 1107 1244 non
1138 1220 1314 1244 recusare
1341 1220 1382 1245 se
1409 1207 1504 1257 quin

176 1271 320 1309 nullius
350 1285 441 1309 usus
471 1271 680 1321 imperator
710 1271 1001 1318 existimaretur,
1033 1271 1063 1308 si
1087 1271 1171 1309 sine
1198 1271 1368 1310 maximo
1393 1272 1506 1310 detri-

178 1344 312 1374 mento
339 1336 510 1386 legiones
541 1337 718 1376 Caesaris
749 1350 833 1375 sese
862 1336 1099 1386 recepissent
1129 1336 1221 1375 inde
1251 1329 1330 1386 quo
1360 1344 1505 1376 temere

179 1409 308 1439 essent
329 1415 563 1451 progressae.

105 1461 160 1509 46
234 1466 377 1504 Caesar
397 1465 569 1515 receptui
594 1479 751 1504 suorum
774 1466 915 1504 timens
936 1466 1048 1504 cratis
1073 1467 1123 1504 ad
1144 1473 1359 1504 extremum
1380 1473 1506 1504 tumu-
1526 1479 1567 1501 20

179 1531 259 1568 lum
295 1538 429 1568 contra
463 1532 617 1568 hostem
656 1531 815 1580 proferri
850 1538 887 1569 et
923 1532 1102 1569 adversas
1135 1531 1263 1577 locari,
1298 1531 1397 1569 intra
1435 1533 1504 1569 has

179 1594 367 1632 mediocri
406 1595 610 1633 latitudine
649 1597 793 1633 fossam
832 1595 944 1633 tectis
984 1595 1171 1633 militibus
1210 1595 1357 1634 obduci
1395 1595 1504 1634 iussit

141 1674 156 1694 2
178 1661 389 1709 locumque
420 1660 460 1697 in
492 1660 620 1698 omnis
651 1660 768 1710 partis
803 1674 921 1710 quam
962 1660 1128 1698 maxime
1162 1660 1351 1710 impediri.
1414 1662 1504 1710 Ipse

178 1723 330 1761 idoneis
365 1724 460 1762 locis
494 1724 711 1762 funditores
751 1724 939 1771 instruxit,
976 1732 1018 1762 ut
1050 1724 1244 1774 praesidio
1282 1724 1423 1763 nostris
1463 1738 1504 1763 se

177 1787 454 1837 recipientibus
476 1796 616 1827 essent.
680 1789 755 1827 His
777 1789 893 1827 rebus
914 1789 1120 1838 completis
1147 1789 1342 1839 legionem
1370 1788 1504 1827 reduci
1524 1801 1562 1832 25

141 1864 157 1893 3
176 1851 296 1890 iussit.
357 1852 588 1902 Pompeiani
620 1854 696 1891 hoc
726 1853 956 1891 insolentius
985 1861 1104 1903 atque
1132 1853 1319 1892 audacius
1350 1860 1504 1891 nostros

177 1929 352 1965 premere
398 1925 436 1955 et
483 1917 626 1955 instare
675 1926 888 1968 coeperunt
934 1917 1128 1967 cratisque
1170 1931 1240 1967 pro
1285 1917 1504 1956 munitione

138 1996 158 2026 4
177 1980 351 2019 obiectas
378 1983 643 2031 propulerunt,
668 1989 709 2019 ut
730 1983 852 2020 fossas
874 1983 1203 2020 transcenderent.
1264 1982 1385 2029 Quod
1412 1994 1503 2019 cum

175 2044 512 2084 animadvertisset
540 2047 693 2093 Caesar,
723 2046 865 2084 veritus
895 2060 944 2084 ne
974 2059 1053 2084 non
1083 2045 1233 2084 reducti
1263 2047 1333 2084 sed
1362 2045 1503 2084 deiecti

175 2109 399 2155 viderentur
426 2110 630 2160 maiusque
660 2110 937 2148 detrimentum
968 2116 1179 2160 caperetur,
1211 2123 1233 2147 a
1263 2109 1395 2148 medio
1424 2111 1503 2148 fere
1522 2121 1562 2151 30

177 2173 303 2222 spatio
324 2187 414 2212 suos
435 2187 503 2223 per
523 2174 753 2221 Antonium,
770 2174 836 2224 qui
857 2174 891 2212 ei
911 2174 1054 2223 legioni
1074 2181 1258 2224 praeerat,
1277 2175 1502 2212 cohortatus

178 2238 272 2275 tuba
314 2237 467 2288 signum
507 2238 589 2277 dari
631 2246 749 2288 atque
787 2238 826 2276 in
866 2238 988 2276 hostis
1028 2238 1218 2287 impetum
1258 2237 1340 2276 fieri
1378 2237 1498 2276 iussit.

141 2313 158 2343 5
180 2301 326 2340 Milites
347 2302 510 2352 legionis
531 2315 633 2340 vnn.
658 2302 788 2341 subito
809 2302 1017 2352 conspirati
1038 2303 1115 2352 pila
1135 2302 1387 2340 coniecerunt
1403 2310 1440 2341 et
1456 2316 1502 2341 ex

226 2415 264 2443 13
289 2409 447 2444 receptus
465 2416 498 2434 1¹:
525 2409 663 2444 recepti-1
681 2403 718 2434 X
812 2415 852 2443 25
877 2405 1045 2444 legionem
1063 2404 1211 2435 Faernus
1226 2415 1232 2434 :
1256 2404 1408 2444 legiones
1426 2403 1463 2433 X
