1705 2729
636 140 678 176 C.
715 140 830 176 IVLI
863 140 1132 177 CAESARIS

219 248 521 297 exposcentibus
558 247 746 286 militibus
779 256 815 287 et
849 248 979 287 studio
1011 261 1165 298 pugnae
1199 249 1426 288 ardentibus
1456 250 1550 289 tuba

220 313 372 361 signum
395 313 514 351 dedit.

153 385 200 422 91
276 379 367 415 Erat
389 377 592 417 Crastinus
613 385 798 416 evocatus
819 377 858 416 in
875 378 1045 416 exercitu
1062 379 1251 427 Caesaris,
1266 379 1333 430 qui
1354 379 1551 430 superiore

219 454 324 479 anno
355 443 461 491 apud
492 455 581 480 eum
613 442 782 492 primum
813 442 935 492 pilum
967 443 1006 480 in
1037 443 1191 492 legione
1220 456 1258 482 X.
1291 445 1463 491 duxerat,
1496 444 1552 482 vir

183 518 197 539 2
219 506 402 555 singulari
434 506 584 545 virtute.
648 507 728 545 Hic
758 507 869 557 signo
899 509 993 546 dato
1027 508 1270 557 ‘Sequimini
1300 511 1386 555 me‚’
1411 509 1548 558 inquit,
1570 524 1588 555 5

221 571 504 621 ‘manipulares
545 572 622 610 mei
661 571 728 621 qui
767 572 904 619 fuistis,
938 580 975 610 et
1013 580 1142 611 vestro
1175 573 1398 622 imperatori
1431 586 1550 622 quam

219 635 474 675 constituistis
506 650 665 686 operam
691 638 791 675 date.
854 639 992 676 Unum
1022 638 1099 675 hoc
1127 637 1319 686 proelium
1349 645 1524 687 superest
1541 652 1551 685 3

218 714 297 750 quo
318 703 499 740 confecto
521 710 558 740 et
580 702 643 740 ille
665 715 775 740 suam
798 701 1028 751 dignitatem
1050 710 1088 740 et
1115 715 1187 740 nos
1207 709 1381 740 nostram
1401 702 1552 740 liberta-

181 782 197 808 ,ς
218 772 297 803 tem
320 765 647 815 reciperabimus.'
705 766 829 804 Simul
859 766 1071 816 respiciens
1100 768 1321 813 Caesarem,
1346 765 1550 814 ‘Faciam‚'

220 830 355 880 inquit,
401 831 555 878 ‘hodie‚
598 831 819 881 imperator,
853 839 895 870 ut
934 840 1000 870 aut
1041 832 1129 870 vivo
1168 831 1263 869 mihi
1297 839 1363 869 aut
1395 839 1550 870 mortuo
1573 846 1610 867 10

180 909 197 937 4
219 895 358 944 gratias
383 898 498 944 agas.⁷
548 898 661 934 Haec
687 910 777 934 cum
808 896 979 943 dixisset,
1009 896 1156 946 primus
1187 910 1233 935 ex
1263 898 1398 935 dextro
1428 909 1549 934 cornu

220 959 461 1009 procucurrit
486 968 605 1010 atque
632 974 722 999 eum
744 961 857 999 electi
891 961 1033 1000 milites
1059 961 1210 1000 circiter
1236 973 1320 1000 CXX
1344 961 1549 1000 voluntarii

220 1024 397 1064 eiusdem
419 1025 617 1063 centuriae
638 1032 728 1064 sunt
750 1026 956 1075 prosecuti.

146 1092 201 1130 92
276 1091 383 1128 Inter
403 1091 501 1128 duas
521 1090 624 1129 acies
646 1098 797 1129 tantum
819 1099 899 1129 erat
925 1091 1102 1130 relictum
1128 1092 1227 1141 spati
1257 1099 1299 1130 ut
1328 1091 1419 1129 satis
1448 1099 1550 1129 esset

184 1155 269 1192 zad
311 1167 547 1193 concursum
587 1155 789 1205 utriusque
828 1156 1028 1194 exercitus.
1103 1157 1181 1195 Sed
1220 1155 1432 1206 Pompeius
1470 1155 1548 1193 suis
1571 1169 1608 1201 15

219 1219 460 1270 praedixerat
495 1227 536 1258 ut
568 1220 745 1259 Caesaris
780 1220 972 1270 impetum
1006 1221 1240 1271 exciperent,
1258 1234 1357 1259 neve
1388 1233 1429 1258 se
1461 1221 1549 1258 loco

219 1292 421 1323 moverent
459 1284 665 1334 aciemque
708 1284 790 1324 eius
830 1285 992 1324 distrahi
1032 1293 1281 1336 paterentur3
1328 1285 1447 1334 idque
1485 1285 1550 1323 ad-

220 1349 371 1388 monitu
400 1351 443 1389 C.
467 1349 592 1388 Triari
621 1349 759 1388 fecisse
788 1350 1002 1398 dicebatur,
1027 1358 1069 1389 ut
1098 1350 1246 1401 primus
1273 1362 1455 1388 excursus
1479 1348 1551 1387 vis-

220 1428 296 1465 que
327 1413 493 1452 militum
525 1414 795 1464 infringeretur
823 1414 1007 1465 aciesque
1038 1414 1325 1454 distenderetur
1357 1421 1475 1463 atque
1509 1412 1549 1451 in

183 1479 298 1520 ,asnis
337 1479 541 1518 ordinibus
581 1479 761 1528 dispositi
800 1479 996 1530 dispersos
1036 1479 1305 1527 adorirentur3
1346 1478 1549 1527 leviusque
1570 1491 1610 1514 20

219 1557 355 1583 casura
376 1543 453 1593 pila
480 1544 660 1594 sperabat
689 1544 728 1582 in
759 1546 847 1583 loco
877 1544 1036 1583 retentis
1064 1544 1252 1582 militibus
1282 1556 1401 1594 quam
1425 1542 1456 1581 si
1477 1542 1550 1593 ipsi

220 1608 402 1647 immissis
439 1608 523 1647 telis
559 1608 829 1656 occurrissent,
861 1609 976 1648 simul
1012 1611 1093 1648 fore
1127 1616 1169 1647 ut
1200 1608 1401 1658 duplicato
1435 1620 1550 1646 cursu

221 1673 398 1713 Caesaris
420 1673 560 1712 milites
589 1673 902 1713 exanimarentur
932 1682 969 1713 et
996 1673 1226 1712 lassitudine
1251 1674 1546 1711 conficerentur.

183 1750 201 1779 4
222 1739 342 1787 Quod
364 1738 478 1776 nobis
500 1738 660 1788 quidem
683 1740 789 1777 nulla
810 1739 959 1778 ratione
980 1740 1127 1777 factum
1143 1752 1165 1776 a
1180 1737 1371 1787 Pompeio
1384 1736 1548 1783 videtur,

221 1810 425 1853 propterea
446 1804 553 1852 quod
578 1810 635 1841 est
663 1805 858 1853 quaedam
885 1804 1005 1842 animi
1035 1803 1211 1841 incitatio
1235 1810 1353 1852 atque
1372 1801 1549 1840 alacritas
1570 1815 1608 1846 25

222 1867 444 1905 naturaliter
468 1866 602 1905 innata
632 1868 816 1907 omnibus
848 1882 948 1918 quae
978 1868 1110 1906 studio
1136 1880 1291 1918 pugnae
1315 1865 1546 1905 incenditur.

184 1940 200 1969 5
224 1934 341 1969 Hanc
362 1945 442 1969 non
463 1932 672 1981 reprimere
693 1934 762 1971 sed
783 1947 924 1983 augere
944 1932 1197 1982 imperatores
1218 1931 1366 1970 debent
1383 1945 1393 1978 ;
1420 1943 1550 1979 neque

222 1997 358 2034 frustra
387 1996 601 2045 antiquitus
633 1997 853 2036 institutum
882 2004 939 2036 est
967 2004 1008 2036 ut
1038 1997 1147 2047 signa
1174 1995 1350 2045 undique
1370 1994 1551 2033 concine-

221 2068 306 2099 rent
326 2062 618 2111 clamoremque
639 2062 807 2101 universi
829 2064 1008 2101 tollerent
1026 2076 1036 2109 3
1070 2061 1211 2111 quibus
1232 2060 1347 2098 rebus
1368 2066 1406 2098 et
1426 2059 1549 2097 hostis

222 2125 352 2164 terreri
373 2133 410 2164 et
431 2139 522 2164 suos
543 2127 693 2165 incitari
714 2127 1040 2166 existimaverunt.
1569 2131 1611 2163 30

150 2194 205 2233 93
278 2191 355 2228 Sed
377 2190 497 2228 nostri
518 2191 659 2229 milites
686 2191 797 2241 signo
827 2193 920 2229 dato
947 2204 1038 2229 cum
1068 2188 1216 2228 infestis
1237 2188 1324 2239 pilis
1344 2201 1551 2238 procucur—

270 2304 307 2333 14
333 2294 384 2325 utl
405 2305 446 2324 ne
468 2295 507 2325 U'
624 2295 663 2324 16
688 2294 790 2334 neve]
810 2304 884 2333 neq.
910 2293 949 2324 U‘
1042 2293 1080 2322 18
1105 2291 1295 2332 dicebatur]
1313 2291 1490 2321 videbatur
1510 2290 1550 2320 U'

227 2348 265 2377 19
289 2338 321 2367 in
355 2348 418 2367 om.
453 2337 498 2367 D'
633 2348 676 2367 20
701 2337 819 2367 malim
852 2336 1036 2376 dispositos
1066 2335 1210 2375 dispersi
1315 2333 1547 2373 adorirentur]

223 2382 448 2411 adorerentur
483 2381 523 2410 [J‘
665 2390 707 2419 23
733 2381 1011 2412 exanimarentur
1041 2379 1170 2409 Aldus:
1210 2378 1484 2409 existimarentur
1515 2375 1553 2405 X

223 2428 298 2454 ante
317 2430 349 2455 et
367 2423 443 2455 add.
463 2424 553 2462 quod
571 2426 593 2458 β
