1705 2729
437 158 510 194 DE
543 157 721 194 BELLO
751 156 961 194 AFRICO
993 156 1163 193 LIBER

136 268 428 307 excursionibus
471 268 522 306 ita
564 269 718 306 officere
763 280 842 305 non
891 266 1118 304 intermittit.
1192 266 1322 316 Scipio
1367 266 1459 305 item
1485 280 1499 311 7

137 332 374 371 munitiones
395 339 529 370 contra
550 332 675 369 facere
696 339 744 377 et,
767 345 816 369 ne
837 331 927 380 iugo
948 343 971 368 a
991 331 1158 369 Caesare
1180 331 1458 377 excluderetur,

134 410 402 447 approperare.
474 398 534 434 Ita
564 397 686 434 duces
720 395 873 444 utrique
912 402 950 433 et
984 394 1023 432 in
1062 394 1245 444 operibus
1280 395 1459 445 occupati
1481 401 1498 430 8

135 473 220 499 esse
251 468 289 498 et
322 459 444 499 nihilo
475 459 604 498 minus
636 458 880 509 equestribus
919 458 1075 508 proeliis
1106 458 1206 497 inter
1244 472 1284 497 se
1315 458 1460 497 cotidie

97 540 115 571 5
134 524 384 563 dimicabant.

190 588 351 627 Interim
372 591 497 627 Varus
518 591 694 635 classem,
717 601 835 638 quam
864 594 980 625 antea
1001 586 1143 626 Uticae
1172 587 1311 625 hiemis
1341 587 1460 637 gratia
1480 587 1534 624 62

134 654 382 700 subduxerat,
405 654 562 703 cognito
591 653 754 703 legionis
775 658 857 693 †V11
885 660 922 691 et
943 656 1043 692 vmi-
1063 665 1109 690 ex
1131 651 1260 690 Sicilia
1288 653 1459 690 adventu

134 718 308 757 celeriter
328 718 489 756 deducit
508 718 641 767 ibique
663 717 838 756 Gaetulis
859 716 1070 766 remigibus
1091 716 1336 766 epibatisque
1357 729 1460 754 com-

134 784 214 832 plet
234 782 523 831 insidiandique
552 782 672 832 gratia
700 783 750 820 ab
772 781 890 821 Utica
920 794 1144 830 progressus
1167 782 1458 819 Hadrumetum

77 864 116 886 10
135 860 224 885 cum
250 858 300 884 LV
329 847 493 885 navibus
522 846 707 896 pervenit.
768 846 890 885 Cuius
919 847 1111 883 adventus
1141 844 1285 882 inscius
1317 845 1460 883 Caesar
1483 862 1496 882 2

135 913 177 948 L.
201 911 379 960 Cispium
401 924 490 948 cum
511 912 633 948 classe
654 923 771 948 XXVII
795 909 951 947 navium
972 910 1023 947 ad
1044 910 1247 958 Thapsum
1268 922 1399 947 versus
1420 909 1460 946 in

134 975 341 1013 stationem
380 975 547 1025 praesidi
585 975 705 1025 gratia
743 982 986 1013 commeatus
1030 974 1087 1011 sui
1128 973 1244 1011 mittit
1288 974 1460 1023 itemque

134 1042 182 1089 Q.
205 1040 390 1090 Aquilam
420 1054 509 1078 cum
540 1052 616 1077 X111
647 1039 812 1077 navibus
841 1038 966 1088 longis
998 1039 1290 1076 Hadrumetum
1321 1040 1459 1077 eadem

133 1106 184 1143 de
203 1118 319 1143 causa
344 1104 564 1154 praemittit.
625 1104 780 1153 Cispius
807 1117 887 1153 quo
911 1110 991 1142 erat
1012 1103 1152 1141 missus
1179 1102 1353 1141 celeriter
1379 1116 1460 1152 per·
1482 1114 1499 1143 3

76 1184 112 1216 15
133 1169 262 1217 venit3
301 1169 444 1219 Aquila
473 1176 704 1218 tempestate
738 1169 901 1206 iactatus
935 1167 1249 1217 promunturium
1279 1180 1460 1216 superare

134 1248 213 1272 non
251 1234 378 1284 potuit
411 1241 528 1284 atque
558 1235 745 1283 angulum
780 1234 978 1283 quendam
1014 1240 1141 1270 tutum
1172 1245 1194 1269 a
1228 1239 1459 1281 tempestate

133 1306 269 1337 nactus
290 1312 379 1337 cum
401 1300 523 1337 classe
544 1312 584 1337 se
605 1298 757 1348 longius
778 1311 800 1336 a
820 1304 1029 1347 prospectu
1056 1296 1231 1335 removit.
1292 1297 1460 1346 Reliqua
1480 1307 1499 1337 4

132 1363 265 1402 classis
294 1363 332 1401 in
364 1365 444 1402 salo
473 1365 524 1401 ad
549 1363 704 1413 Leptim
735 1362 896 1413 egressis
926 1361 1136 1412 remigibus
1166 1361 1390 1411 passimque
1420 1361 1458 1399 in

133 1428 243 1466 litore
272 1428 512 1478 vagantibus,
544 1427 683 1477 partim
713 1427 752 1465 in
787 1427 978 1476 oppidum
1011 1426 1135 1464 victus
1167 1426 1224 1463 sui
1260 1425 1457 1464 mercandi

75 1509 114 1530 20
132 1493 253 1543 gratia
290 1492 510 1543 progressis,
552 1506 673 1530 vacua
710 1505 733 1530 a
771 1491 1043 1530 defensoribus
1089 1491 1225 1529 stabat.
1304 1490 1459 1538 Quibus
1482 1500 1498 1530 5

133 1558 247 1596 rebus
272 1559 397 1596 Varus
428 1572 473 1596 ex
502 1559 661 1607 perfuga
691 1557 855 1606 cognitis
886 1556 1135 1594 occasionem
1166 1563 1303 1593 nactus
1333 1555 1460 1604 vigilia

133 1623 306 1661 secunda
329 1623 578 1660 Hadrumeto
608 1635 654 1660 ex
683 1623 854 1659 cothone
884 1634 1060 1670 egressus
1087 1633 1176 1658 cum
1199 1619 1324 1669 primo
1346 1633 1461 1657 mane

134 1687 289 1736 Leptim
311 1687 489 1725 universa
513 1688 635 1725 classe
656 1694 789 1725 vectus
820 1685 928 1723 navis
953 1685 1158 1730 onerarias,
1183 1698 1283 1734 quae
1308 1683 1460 1733 longius

132 1765 154 1790 a
175 1758 288 1801 portu
309 1751 348 1788 in
373 1752 455 1789 salo
485 1751 649 1797 stabant,
674 1750 848 1789 incendit
879 1758 916 1788 et
946 1756 1125 1799 penteres
1155 1750 1252 1787 duas
1273 1761 1414 1786 vacuas
1438 1761 1460 1786 a

76 1831 113 1863 25
133 1816 404 1855 defensoribus
426 1817 533 1854 nullo
554 1823 793 1865 repugnante
814 1815 927 1864 cepit.

187 1882 331 1919 Caesar
351 1880 504 1918 interim
526 1880 700 1919 celeriter
726 1894 794 1930 per
824 1879 982 1918 nuntios
1004 1879 1042 1917 in
1064 1878 1206 1925 castris,
1231 1892 1321 1916 curn
1343 1891 1460 1928 opera
1480 1879 1533 1924 63

132 1945 362 1991 circumiret,
392 1945 531 1984 certior
560 1947 693 1991 factus,
727 1959 827 1994 quae
856 1946 1017 1983 aberant
1046 1958 1069 1982 a
1099 1951 1213 1993 portu
1244 1943 1349 1981 milia
1378 1957 1459 1993 pas-

132 2024 245 2048 suum
268 2023 318 2056 vi‚
343 2024 445 2060 equo
465 2011 637 2049 admisso
659 2010 811 2048 omissis
832 2010 1015 2048 omnibus
1043 2010 1158 2047 rebus
1187 2008 1361 2046 celeriter
1380 2021 1460 2057 per-

132 2075 236 2113 venit
259 2075 414 2124 Leptim
444 2075 577 2125 ibique
607 2076 781 2113 hortatur
800 2088 937 2113 omnes
966 2082 1006 2112 ut
1035 2087 1075 2112 se
1102 2087 1220 2112 naves
1248 2086 1460 2122 conseque-

180 2190 191 2209 1
219 2180 263 2210 ita
283 2178 482 2219 Oudendorp
499 2190 505 2209 t
531 2179 596 2209 iter
611 2177 668 2209 X:
692 2178 747 2209 del.
774 2178 982 2209 Vascosanns
1089 2187 1108 2216 3
1134 2182 1169 2207 ut
1180 2181 1256 2217 pos!
1273 2177 1317 2207 ita
1334 2175 1408 2206 add.
1427 2175 1462 2205 D

131 2234 151 2261 4
175 2233 250 2253 esse
266 2222 463 2262 Nipperdey:
501 2227 615 2252 essent
632 2221 762 2252 DUT‘:
801 2226 896 2251 erant
913 2220 979 2251 LF
1115 2230 1134 2258 5
1160 2220 1360 2250 dimicarent
1378 2219 1458 2250 A²6=

133 2267 290 2296 dimicare
313 2264 467 2305 Woelfflin
603 2276 620 2304 7
646 2275 694 2294 vn
713 2270 745 2295 et
762 2275 824 2294 νη]
842 2264 938 2294 DL':
965 2274 1014 2294 Vll
1032 2268 1065 2294 et
1083 2273 1159 2293 vnn
1184 2264 1239 2294 T':
1266 2273 1299 2294 x.
1319 2269 1352 2293 et
1368 2273 1457 2294 V1111.

137 2309 293 2348 Woelfflin
310 2321 316 2338 :
341 2309 399 2339 alii
412 2318 485 2340 xm.
505 2313 538 2339 et
556 2318 644 2339 xn11.
740 2317 772 2337 11
800 2318 901 2338 xxxin
922 2307 953 2336 V
1043 2317 1079 2345 15
1104 2312 1136 2337 at
1149 2306 1272 2346 Aquila
1289 2305 1330 2335 L'
1422 2316 1459 2345 17

132 2363 169 2383 se
196 2363 261 2382 om.
287 2351 322 2382 T'
553 2362 592 2391 19
616 2352 734 2390 partim
756 2356 831 2381 λΔ;
865 2361 981 2390 parum
1001 2349 1039 2379 X
1234 2350 1393 2389 oppidum
1416 2354 1459 2379 λε

133 2395 257 2435 oppido
274 2394 312 2424 X
420 2405 460 2425 22
485 2405 559 2426 cum
572 2399 647 2435 post
665 2395 796 2434 Leptim
815 2394 997 2433 transponi!
1014 2392 1042 2422 L
1159 2404 1199 2431 24
1226 2398 1386 2432 penteres
1403 2392 1457 2422 D:

133 2444 348 2478 penteremes
365 2440 387 2472 β
