1705 2729
582 122 817 161 INCERTI
849 122 1130 160 AVCTORIS

191 246 354 283 quarum
377 233 533 272 alterius
554 233 606 272 rei
629 232 783 283 copiam
805 233 993 283 exiguam,
1009 233 1165 271 alterius
1186 234 1332 272 nullam
1354 234 1518 273 omnino

192 299 415 336 facultatem
447 298 645 345 habebat3
684 299 793 348 quod
823 306 1032 348 utrumque
1062 299 1164 347 large
1193 299 1304 348 palus
1334 299 1518 348 praebere

192 369 352 412 poterat.

147 437 171 463 2
246 428 388 476 Neque
419 440 510 465 vero
540 426 814 465 Alexandrinis
846 427 885 465 in
914 426 1094 477 gerendis
1124 426 1290 476 negotiis
1320 427 1519 466 cunctatio

192 492 269 528 ulla
289 498 355 528 aut
377 504 485 529 mora
509 491 756 529 inferebatur.
819 493 921 529 Nam
952 491 991 528 in
1022 490 1149 529 omnis
1178 491 1305 540 partis,
1329 504 1396 541 per
1423 504 1519 541 quas
1540 502 1557 533 5

192 556 289 592 fines
314 555 480 606 Aegypti
510 569 752 606 regnumque
779 555 956 606 pertinet,
980 557 1127 605 legatos
1155 555 1519 605 conquisitoresque

191 619 357 657 dilectus
385 620 558 658 habendi
589 634 705 658 causa
733 620 918 659 miserant
949 633 1215 669 magnumque
1245 633 1451 658 numerum
1479 620 1520 657 in

192 683 384 734 oppidum
413 686 579 723 telorum
607 692 724 734 atque
753 692 1036 723 tormentorum
1067 691 1327 722 convexerant
1349 691 1386 722 et
1410 683 1521 721 innu-

156 763 170 784 2
192 748 420 787 merabilem
448 749 741 788 multitudinem
769 750 1022 787 adduxerant.
1085 749 1170 786 Nec
1201 748 1330 785 minus
1357 748 1398 785 in
1425 748 1520 786 urbe

193 813 384 851 maximae
411 827 606 852 armorum
634 821 743 852 erant
770 813 969 851 institutae
1001 813 1190 851 officinae.
1252 814 1390 851 Servos
1417 825 1521 862 prae·
1544 829 1581 851 10

192 885 296 915 terea
335 879 500 928 puberes
539 885 808 925 armaverant3
856 877 998 928 quibus
1047 877 1197 916 domini
1247 877 1520 927 locupletiores

156 954 172 984 3
192 941 339 980 victum
361 942 604 981 cotidianum
627 942 947 992 stipendiumque
969 942 1220 992 praebebant.
1284 943 1374 979 Hac
1396 941 1522 979 multi-

193 1006 330 1045 tudine
351 1006 541 1057 disposita
562 1006 800 1045 munitiones
823 1014 1059 1045 semotarum
1092 1006 1260 1056 partium
1289 1006 1522 1053 tuebantur3

193 1079 394 1110 veteranas
421 1072 592 1110 cohortis
614 1085 755 1110 vacuas
785 1071 824 1109 in
855 1071 1115 1110 celeberrimis
1144 1071 1249 1109 urbis
1280 1070 1375 1109 locis
1406 1071 1522 1109 habe-

194 1137 298 1182 bant,
323 1144 364 1174 ut
394 1149 644 1186 quacumque
668 1136 825 1186 regione
853 1144 1088 1186 pugnaretur
1118 1135 1275 1186 integris
1296 1135 1442 1173 viribus
1471 1136 1522 1174 ad
1545 1151 1582 1183 15

155 1200 379 1246 4auxilium
415 1202 620 1239 ferendum
656 1201 803 1251 opponi
838 1209 1008 1251 possent.
1070 1200 1267 1239 Omnibus
1301 1199 1373 1238 viis
1404 1208 1523 1250 atque

194 1265 406 1316 angiportis
421 1266 612 1316 triplicem
627 1267 770 1304 vallum
789 1267 1170 1304 obduxerant—erat
1187 1272 1317 1304 autem
1332 1266 1523 1315 quadrato

194 1338 410 1369 exstructus
435 1344 527 1369 saxo
544 1344 672 1380 neque
694 1330 823 1368 minus
844 1342 899 1368 XL
915 1332 1035 1380 pedes
1060 1329 1276 1369 altitudinis
1297 1330 1524 1368 habebat——

195 1409 375 1445 quaeque
396 1403 523 1445 partes
544 1394 649 1433 urbis
671 1395 869 1433 inferiores
892 1403 1009 1441 erant,
1035 1397 1103 1433 has
1133 1394 1329 1433 altissimis
1355 1394 1523 1432 turribus

155 1476 172 1506 5
195 1462 387 1499 denorum
415 1461 678 1498 tabulatorum
707 1459 937 1498 munierant.
999 1462 1202 1498 Praeterea
1228 1459 1322 1497 alias
1351 1459 1524 1496 ambula·
1545 1477 1586 1498 20

196 1525 312 1563 torias
333 1524 498 1563 totidem
520 1525 783 1562 tabulatorum
806 1525 1045 1563 confixerant
1068 1523 1333 1572 subiectisque
1350 1536 1414 1560 eas
1431 1522 1524 1560 rotis

195 1589 354 1627 funibus
368 1588 632 1638 iumentisque
654 1588 817 1626 obiectis
835 1588 1000 1626 derectis
1018 1588 1154 1638 plateis
1176 1588 1215 1625 in
1233 1600 1526 1637 quamcumque

197 1662 276 1692 erat
297 1653 422 1691 visum
443 1660 592 1703 partem
616 1653 837 1691 movebant.

152 1723 176 1759 3
252 1719 358 1757 Urbs
374 1717 607 1756 fertilissima
624 1725 661 1755 et
678 1718 949 1767 copiosissima
971 1719 1148 1758 omnium
1170 1732 1297 1757 rerum
1318 1724 1526 1768 apparatus

196 1783 435 1832 suggerebat.
498 1782 577 1832 Ipsi
608 1782 788 1820 homines
816 1783 1006 1833 ingeniosi
1035 1792 1152 1833 atque
1181 1782 1395 1821 acutissimi
1425 1795 1526 1831 quae
1549 1795 1584 1826 25

195 1862 216 1885 a
236 1847 351 1885 nobis
372 1846 452 1885 fieri
475 1846 651 1885 viderant
673 1861 717 1885 ea
739 1848 908 1886 sollertia
930 1848 1150 1886 efficiebant
1172 1855 1213 1885 ut
1234 1847 1354 1885 nostri
1372 1846 1524 1884 illorum

196 1925 313 1961 opera
347 1911 485 1949 imitati
516 1911 748 1959 viderentur,
780 1920 818 1951 et
851 1927 920 1951 sua
955 1920 1094 1963 sponte
1129 1914 1251 1950 multa
1282 1910 1526 1961 reperiebant

196 1990 355 2026 unoque
385 1984 561 2026 tempore
590 1984 628 2015 et
656 1986 807 2017 nostras
840 1978 1079 2016 munitiones
1110 1977 1346 2015 infestabant
1373 1983 1411 2013 et
1438 1986 1526 2012 suas

159 2054 173 2074 2
195 2042 472 2079 defendebant.
532 2044 665 2092 Atque
696 2044 793 2081 haec
828 2042 1023 2093 principes
1054 2042 1093 2079 in
1129 2040 1301 2080 consiliis
1336 2037 1527 2078 contioni-

196 2107 348 2155 busque
381 2106 603 2155 agitabant:
644 2109 834 2157 populum
876 2109 1101 2145 Romanum
1142 2104 1328 2156 paulatim
1364 2104 1402 2141 in
1437 2115 1527 2140 con-
1547 2117 1586 2147 30

157 2170 444 2216 3suetudinem
485 2171 566 2209 eius
603 2171 708 2221 regni
753 2171 973 2221 occupandi
1011 2170 1152 2209 venire.
1232 2168 1370 2207 Paucis
1415 2166 1527 2205 annis

238 2284 258 2312 9
275 2277 348 2314 posi
362 2275 612 2305 multitudinem
625 2273 698 2305 add.
714 2279 921 2305 armatorum
934 2274 1061 2304 Fischer
1140 2273 1179 2302 16
1195 2272 1354 2311 oportuni
1367 2275 1485 2301 essent
1501 2270 1529 2300 l?

195 2327 232 2347 21
257 2317 473 2349 confecerant
492 2323 513 2348 λ
624 2328 663 2348 22
688 2318 828 2348 obiectis
848 2318 904 2348 del.
924 2317 1072 2357 Scaliger
1159 2317 1306 2346 derectis
1323 2314 1412 2345 FT‘:
1440 2314 1526 2344 dire-

195 2361 256 2391 ctis
274 2360 389 2392 D'LU
569 2362 611 2392 26
635 2362 839 2400 effingebant
866 2361 1005 2391 Knebler
