1705 2729
475 145 548 180 DE
580 142 758 180 BELLO
790 142 965 180 CIVILI
998 141 1100 177 LIB.
1135 142 1199 177 III

179 255 345 306 templis,
381 268 460 305 quo
499 262 648 305 praeter
686 253 906 291 sacerdotes
939 251 1046 290 adire
1084 252 1141 289 fas
1179 264 1260 289 non
1295 260 1362 298 est,
1399 266 1499 301 quae

181 320 319 359 Graeci
339 321 455 369 adyta
475 320 683 369 appellant,
701 326 885 367 tympana
906 323 1129 355 sonuerunt.
1182 317 1283 353 Item
1304 316 1499 353 Trallibus
1519 322 1538 352 6

179 385 219 423 in
250 385 398 433 templo
428 383 633 429 Victoriae,
666 382 733 421 ubi
763 380 940 420 Caesaris
970 387 1136 418 statuam
1167 387 1497 426 consecraverant,

179 450 309 499 palma
335 461 403 498 per
422 461 489 486 eos
516 447 599 486 dies
626 446 689 486 †in
717 449 845 485 tecto†
872 445 970 483 inter
999 451 1231 494 coagmenta
1254 443 1429 493 lapidum
1456 457 1503 481 ex

142 527 158 559 5
179 512 404 564 pavimento
425 511 613 550 exstitisse
634 510 922 548 ostendebatur.

234 578 379 616 Caesar
401 589 547 626 paucos
575 575 658 613 dies
682 574 721 611 in
746 573 840 611 Asia
867 580 1050 620 moratus,
1075 586 1166 611 cum
1190 572 1362 611 audisset
1390 574 1503 610 Pom·
1523 575 1600 611 106

180 640 312 691 peium
340 640 457 689 Cypri
477 639 613 685 visum,
645 638 870 677 coniectans
898 650 988 675 eum
1008 639 1231 686 Aegyptum
1258 636 1330 674 iter
1358 637 1503 674 habere

180 712 338 755 propter
357 703 665 742 necessitudines
686 702 792 752 regni
813 702 1059 751 reliquasque
1079 701 1161 739 eius
1183 701 1258 739 loci
1279 700 1504 750 opportuni-

180 777 277 807 tates
298 782 388 807 Cum
415 768 568 817 legione
588 781 676 814 una,
699 781 817 817 quam
842 780 882 804 se
903 779 949 804 ex
968 765 1171 804 Thessalia
1192 765 1301 815 sequi
1329 765 1500 810 iusserat,

84 879 88 883 .
124 851 162 872 10
181 841 218 872 et
248 835 377 880 altera,
413 846 531 882 quam
563 845 609 870 ex
643 831 793 870 Achaia
825 845 848 869 a
882 832 929 879 Q.
965 831 1077 868 Fufio
1107 831 1234 880 legato
1263 837 1501 875 evocaverat,

181 897 301 947 equiti
333 910 456 947 usque
477 908 581 935 DCCC
602 904 639 935 et
667 895 830 934 navibus
854 894 979 944 longis
1011 894 1178 932 Rhodiis
1202 906 1230 931 x
1255 901 1294 931 et
1322 893 1503 931 Asiaticis

181 961 315 1012 paucis
332 961 608 1000 Alexandriam
629 959 813 1009 pervenit.
866 961 913 997 In
934 958 993 996 his
1014 966 1122 996 erant
1143 957 1360 1006 legionibus
1382 956 1504 994 homi·
1523 970 1538 990 2

183 1040 278 1064 num
300 1026 405 1064 milia
426 1038 471 1062 111
494 1037 542 1063 CC
557 1040 566 1072 3
596 1023 733 1073 reliqui
753 1022 978 1069 vulneribus
999 1036 1045 1060 ex
1065 1021 1220 1072 proeliis
1241 1029 1279 1059 et
1306 1021 1438 1059 labore
1458 1034 1503 1058 ac

185 1090 453 1140 magnitudine
480 1088 625 1127 itineris
645 1087 814 1127 confecti
834 1087 1022 1136 consequi
1047 1100 1127 1124 non
1151 1092 1368 1136 potuerant.
1428 1086 1506 1123 Sed
1528 1099 1544 1127 3

128 1164 163 1197 15
186 1156 329 1195 Caesar
357 1155 529 1192 confisus
558 1155 661 1191 fama
680 1165 807 1190 rerum
827 1158 1021 1201 gestarum
1042 1149 1204 1188 infirmis
1224 1148 1374 1188 auxiliis
1394 1150 1507 1198 profi-

184 1218 277 1257 cisci
306 1231 386 1256 non
411 1216 654 1256 dubitaverat
683 1228 807 1265 aeque
830 1228 990 1253 omnem
1015 1213 1088 1252 sibi
1112 1215 1243 1252 locum
1273 1220 1401 1251 tutum
1425 1214 1506 1251 fore

184 1282 418 1321 existimans.
450 1280 710 1320 Alexandriae
723 1281 773 1319 de
791 1279 954 1329 Pompei
968 1286 1092 1317 morte
1105 1277 1307 1328 cognoscit
1321 1285 1439 1327 atque
1453 1277 1506 1315 ibi
1525 1288 1544 1317 4

183 1347 353 1397 primum
374 1359 395 1385 e
422 1345 510 1384 navi
531 1345 733 1396 egrediens
753 1345 964 1382 clamorem
986 1343 1153 1381 militum
1173 1342 1293 1389 audit,
1317 1355 1415 1391 quos
1443 1355 1507 1379 rex

183 1411 222 1449 in
243 1410 391 1461 oppido
411 1408 579 1460 praesidi
599 1421 715 1447 causa
735 1407 951 1457 reliquerat,
974 1414 1011 1445 et
1032 1420 1267 1445 concursum
1287 1407 1337 1444 ad
1364 1419 1405 1444 se
1426 1406 1505 1444 fieri

127 1491 166 1514 20
183 1476 300 1522 videt,
329 1476 437 1525 quod
466 1476 589 1513 fasces
616 1474 906 1512 anteferrentur.
969 1473 1016 1510 In
1037 1473 1112 1510 hoc
1143 1470 1270 1509 omnis
1296 1470 1507 1508 multitudo

184 1540 426 1579 maiestatem
447 1539 590 1589 regiam
611 1537 734 1576 minui
754 1537 1015 1587 praedicabat.
1068 1538 1159 1574 Hoc
1181 1536 1317 1574 sedato
1338 1536 1506 1572 tumultu
1528 1544 1545 1574 5

184 1605 341 1644 crebrae
365 1604 560 1643 continuis
584 1603 724 1642 diebus
754 1615 800 1641 ex
829 1614 1021 1640 concursu
1051 1599 1311 1638 multitudinis
1342 1599 1508 1637 concita-

184 1670 311 1708 tiones
345 1670 491 1708 fiebant
525 1670 824 1718 compluresque
858 1667 999 1705 milites
1031 1665 1145 1704 huius
1185 1664 1289 1703 urbis
1325 1664 1508 1702 omnibus

185 1734 359 1785 partibus
375 1733 715 1772 interficiebantur.

127 1808 166 1840 25
240 1798 395 1847 Quibus
429 1798 544 1836 rebus
581 1796 859 1836 animadversis
898 1795 1070 1846 legiones
1108 1794 1181 1833 sibi
1215 1794 1307 1832 alias
1342 1806 1388 1831 ex
1417 1791 1510 1830 Asia
1529 1798 1601 1837 107

185 1863 330 1902 adduci
346 1862 464 1909 iussit,
483 1875 580 1912 quas
596 1875 642 1900 ex
664 1860 914 1911 Pompeianis
931 1859 1119 1898 militibus
1136 1860 1366 1897 confecerat.
1419 1848 1510 1906 Ipse

186 1927 290 1965 enim
315 1927 534 1966 necessario
561 1926 689 1965 etesiis
713 1926 929 1972 tenebatur,
956 1925 1023 1975 qui
1049 1923 1321 1974 navigantibus
1345 1923 1511 1960 Alexan-

185 1992 269 2031 dria
292 1993 391 2031 fiunt
413 1991 674 2031 adversissimi
694 1991 808 2029 venti.
871 1989 1034 2029 Interim
1064 1988 1346 2027 controversias
1375 2000 1509 2036 regum
1532 2005 1547 2026 2

184 2058 236 2095 ad
255 2058 445 2106 populum
467 2058 694 2094 Romanum
715 2064 752 2094 et
772 2057 823 2094 ad
843 2068 893 2102 se,
911 2055 1019 2105 quod
1035 2061 1136 2092 esset
1151 2054 1298 2099 consul,
1318 2050 1511 2102 pertinere

129 2139 169 2169 30
186 2120 411 2159 existimans
430 2128 548 2170 atque
568 2134 616 2159 eo
646 2120 767 2170 magis
791 2119 921 2158 officio
945 2132 1017 2157 suo
1037 2117 1246 2156 convenire
1267 2117 1375 2166 quod
1399 2128 1511 2165 supe-

186 2185 285 2224 riore
316 2187 522 2224 consulatu
552 2199 643 2224 cum
681 2192 789 2235 patre
822 2185 1053 2222 Ptolomaeo
1084 2190 1122 2221 et
1160 2183 1244 2230 lege
1276 2189 1313 2219 et
1351 2188 1510 2218 senatus

234 2299 247 2320 1
274 2288 427 2329 templis]
445 2289 560 2328 templi
583 2287 769 2319 Lambinus
911 2297 929 2317 2
954 2284 1073 2325 adyta]
1090 2286 1182 2315 adita
1197 2283 1248 2314 X:
1281 2283 1380 2314 ἄδυτα
1397 2282 1511 2314 Aldus

187 2332 354 2363 Trallibus
371 2331 571 2362 Beroaldus:
608 2331 761 2361 trailibus
776 2329 814 2359 X
986 2340 1005 2366 4
1030 2329 1063 2358 in
1089 2333 1177 2358 tecto
1195 2327 1246 2358 X:
1274 2328 1398 2357 intacta
1415 2326 1508 2365 Hoff

188 2386 292 2405 mann
396 2377 435 2405 16
459 2384 566 2414 aeque
582 2373 779 2413 Nipperdey:
803 2378 903 2411 atque
920 2371 978 2405 ΟΒ
996 2383 1002 2401 :
1027 2382 1090 2402 om.
1110 2371 1143 2401 E
1232 2380 1267 2408 17
1293 2368 1508 2408 existimans]

189 2418 403 2448 existimabat
422 2417 461 2447 L'
549 2427 590 2456 23
614 2416 730 2457 huius]
748 2416 780 2446 in
798 2415 859 2446 viis
877 2413 1016 2454 Madvig
1103 2414 1145 2443 28
1162 2412 1263 2452 fiunt]
1281 2413 1361 2442 flant
1378 2412 1468 2442 Paul
