1705 2729
596 145 833 184 INCERTI
865 145 1146 185 AVCTORIS

204 264 357 304 rentur3
400 254 568 309 [postea]
599 257 682 307 ipse
717 259 918 307 parvulum
951 258 1187 308 navigiolum
1219 260 1461 308 conscendit,
1492 260 1532 298 in

203 334 318 359 cursu
339 321 523 371 Aquilam
552 321 802 360 multitudine
828 322 985 360 navium
1013 323 1256 372 perterritum
1283 332 1401 373 atque
1421 324 1532 374 trepi-

165 400 180 421 2
204 387 364 424 dantem
382 393 518 423 nactus
535 386 705 424 hostium
728 387 891 425 classem
913 387 1023 437 sequi
1044 387 1183 437 coepit.
1230 387 1392 426 Interim
1406 390 1532 426 Varus

204 450 400 488 celeritate
440 450 617 489 Caesaris
664 450 908 501 audaciaque
950 459 1173 490 commotus
1217 465 1308 490 cum
1353 452 1532 491 universa

203 516 326 552 classe
358 514 554 553 conversis
589 515 753 553 navibus
786 517 1079 554 Hadrumetum
1111 530 1242 554 versus
1277 518 1408 567 fugere
1442 528 1567 559 con-5

165 595 180 624 ρ,
205 579 340 617 tendit.
401 580 532 627 Quem
564 580 708 618 Caesar
737 579 776 617 in
804 580 962 619 milibus
991 593 1177 630 passuum
1206 593 1268 618 1111
1296 588 1530 620 consecutus

203 642 415 693 reciperata
448 643 721 693 quinqueremi
755 657 845 682 cum
880 644 958 682 suis
991 645 1174 683 omnibus
1213 645 1379 694 epibatis
1412 654 1531 696 atque

202 707 319 745 etiam
340 707 512 745 hostium
540 707 770 746 custodibus
791 720 905 746 CXXX
930 708 969 746 in
997 721 1042 746 ea
1068 722 1167 747 nave
1190 709 1313 759 captis
1334 709 1529 748 triremem

202 772 375 810 hostium
407 772 634 822 proximam,
667 786 767 821 quae
798 772 838 810 in
873 774 1128 823 repugnando
1162 781 1242 811 erat
1276 782 1526 821 commorata,

161 850 180 879 4
203 843 385 874 onustam
424 836 614 886 remigum
647 836 970 887 epibatarumque
1002 837 1115 887 cepit.
1187 837 1380 887 Reliquae
1411 852 1529 877 naves
1551 854 1590 876 10

202 901 375 939 hostium
407 900 723 951 promunturium
758 909 987 951 superarunt
1016 909 1133 951 atque
1164 903 1457 941 Hadrumetum
1489 903 1528 941 in

162 975 179 1006 5
204 967 417 1003 cothonem
448 979 489 1003 se
519 965 722 1004 universae
751 967 1011 1004 contulerunt.
1073 967 1217 1005 Caesar
1243 968 1385 1006 eodem
1411 976 1529 1006 vento

201 1029 517 1080 promunturium
544 1043 725 1080 superare
752 1044 832 1069 non
862 1030 989 1080 potuit
1015 1038 1133 1081 atque
1154 1031 1193 1069 in
1214 1033 1296 1070 salo
1316 1031 1356 1069 in
1376 1032 1528 1071 ancoris

201 1108 246 1133 ea
267 1102 383 1133 nocte
410 1102 675 1134 commoratus
704 1095 828 1146 prima
855 1097 942 1134 luce
965 1097 1258 1135 Hadrumetum
1284 1097 1437 1135 accedit
1460 1097 1528 1136 ibi-

201 1172 277 1209 que
302 1159 465 1198 navibus
498 1160 682 1198 onerariis
713 1174 814 1210 quae
843 1168 951 1199 erant
981 1168 1086 1199 extra
1115 1162 1326 1200 cothonem
1357 1161 1527 1200 incensis
1549 1175 1586 1208 15

201 1224 465 1274 omnibusque
489 1224 646 1274 reliquis
670 1225 720 1263 ab
748 1225 802 1263 eis
831 1232 898 1263 aut
928 1225 1131 1264 subductis
1160 1233 1226 1264 aut
1247 1225 1286 1263 in
1313 1227 1527 1264 cothonem

202 1289 414 1339 compulsis
436 1289 631 1339 paulisper
652 1298 928 1336 commoratus,
944 1289 975 1328 si
997 1291 1094 1328 forte
1111 1292 1253 1329 vellent
1274 1291 1397 1329 classe
1418 1290 1528 1329 dimi-

201 1366 300 1400 care,
322 1367 452 1392 rursus
473 1367 514 1392 se
534 1354 680 1403 recepit
700 1354 740 1392 in
761 1362 894 1393 castra.

126 1416 181 1462 64
258 1417 305 1454 In
338 1429 383 1454 ea
414 1429 513 1455 nave
544 1424 682 1466 captus
714 1424 772 1455 est
803 1419 843 1454 P.
871 1417 1059 1465 Vestrius‚
1093 1431 1213 1468 eques
1247 1420 1462 1466 Romanus,
1490 1426 1528 1458 et

203 1482 242 1518 P.
268 1480 453 1530 LigariuS,
478 1481 724 1528 Afranianus,
747 1494 865 1531 quem
888 1483 1032 1521 Caesar
1051 1482 1091 1520 in
1116 1482 1310 1533 Hispania
1331 1496 1421 1521 cum
1447 1483 1528 1522 reli·
1549 1499 1590 1522 20

201 1544 287 1595 quis
317 1544 527 1591 dimiserat,
552 1553 590 1583 et
617 1554 753 1596 postea
777 1560 818 1584 se
847 1547 897 1585 ad
929 1547 1161 1598 Pompeium
1184 1549 1413 1595 contulerat,
1435 1548 1528 1587 inde

201 1623 247 1647 ex
286 1608 435 1659 proelio
474 1610 659 1660 effugerat
698 1610 737 1648 in
777 1610 1029 1661 Africamque
1066 1613 1117 1650 ad
1157 1614 1306 1650 Varum
1344 1621 1501 1651 venerat
1519 1627 1529 1660 ,-

162 1689 177 1710 2
202 1687 319 1724 quem
342 1675 393 1712 ob
415 1674 555 1724 periuri
577 1675 780 1725 perfidiam
803 1676 948 1715 Caesar
976 1676 1084 1715 iussit
1114 1677 1254 1716 necari.
1316 1679 1356 1716 P.
1371 1677 1528 1716 Vestrio

199 1747 342 1786 autem,
367 1740 475 1789 quod
499 1739 581 1778 eius
602 1741 717 1778 frater
739 1742 892 1779 Romae
914 1741 1121 1791 pecuniam
1144 1741 1375 1792 imperatam
1395 1755 1530 1780 nume—

200 1810 348 1842 raverat
379 1811 417 1842 et
449 1805 557 1854 quod
584 1803 667 1854 ipse
699 1818 809 1842 suam
841 1818 999 1844 causam
1035 1807 1266 1856 probaverat
1296 1806 1464 1853 Caesari,
1487 1820 1528 1845 se
1548 1819 1586 1851 25

198 1881 221 1906 a
242 1868 381 1906 Nasidi
401 1870 523 1907 classe
545 1876 714 1919 captum,
738 1883 828 1908 cum
856 1871 908 1909 ad
933 1884 1071 1909 necem
1093 1872 1311 1918 duceretur,
1333 1871 1528 1909 beneficio

199 1933 290 1970 Vari
321 1946 405 1971 esse
435 1941 642 1980 servatum,
682 1942 818 1984 postea
851 1934 925 1973 sibi
960 1936 1186 1974 facultatem
1218 1937 1365 1974 nullam
1395 1936 1526 1974 datam

199 1997 437 2052 transeundi,
461 1998 617 2048 ignovit.

126 2066 180 2112 65
255 2064 324 2100 Est
358 2062 397 2099 in
432 2063 563 2101 Africa
605 2065 852 2103 consuetudo
887 2064 1102 2103 incolarum
1135 2072 1176 2102 ut
1210 2064 1249 2102 in
1282 2064 1381 2115 agris
1416 2072 1454 2103 et
1487 2064 1526 2102 in

199 2127 383 2165 omnibus
423 2129 501 2166 fere
542 2129 640 2167 villis
681 2130 754 2167 sub
794 2136 893 2167 terra
931 2142 1071 2179 specus
1109 2129 1293 2167 frumenti
1327 2129 1526 2167 condendi
1548 2142 1587 2172 30

198 2191 319 2241 gratia
339 2193 440 2230 clam
463 2194 634 2231 habeant
655 2201 772 2243 atque
793 2193 833 2231 id
854 2202 1010 2244 propter
1030 2194 1132 2232 bella
1152 2193 1320 2231 maxime
1340 2193 1527 2232 hostium-

248 2307 260 2327 1
288 2302 408 2336 postea
424 2298 492 2328 secl.
514 2297 689 2338 Nipperdey
705 2309 711 2328 :
736 2307 768 2337 p.
787 2308 805 2328 a
823 2297 878 2328 D:
904 2304 949 2336 pss.
971 2308 990 2328 a
1007 2296 1073 2327 LT
1201 2307 1217 2336 7
1243 2307 1317 2327 cum
1334 2297 1403 2327 suis
1422 2297 1526 2327 omni-

199 2341 262 2371 bus
278 2341 420 2380 epibatis
438 2340 494 2371 del.
520 2340 646 2371 Gemoll
711 2356 717 2363 ·
779 2351 816 2379 14
843 2352 882 2371 ea
903 2340 956 2370 D:
983 2341 1100 2371 eadem
1117 2342 1139 2375 β
1273 2350 1314 2379 23
1337 2340 1379 2370 ob
1399 2340 1525 2379 periuri

201 2385 375 2423 perfidiam
404 2383 480 2415 DA:
518 2384 748 2423 opperiurtum
774 2384 948 2423 perfidiam
972 2384 1028 2415 T‘:
1064 2384 1107 2414 ob
1129 2383 1310 2423 periurium
1336 2383 1525 2423 perfidiam-

201 2438 268 2466 que
286 2426 326 2456 L'
415 2427 548 2458 Vestrio
566 2428 591 2457 L
609 2440 613 2457 :
639 2427 810 2458 Vestrium
828 2431 892 2458 cett.
