1705 2729
376 179 449 215 DE
481 179 659 216 BELLO
692 178 1053 215 HISPANIENSI
1086 179 1255 216 LIBER

154 288 359 329 tutiorem†
382 289 559 335 efficeret,
583 302 741 326 omnem
772 288 971 326 materiem
1001 289 1146 326 circum
1177 288 1367 338 oppidum
1395 303 1476 327 suc-

153 353 272 391 cisam
293 353 394 391 intro
414 352 617 402 congessit.
670 354 729 390 Ita
745 352 963 391 necessario
979 352 1265 392 diducebantur
1286 353 1415 399 nostri,
1435 360 1476 391 ut
1496 359 1515 390 6

151 431 174 455 a
192 419 354 463 Munda,
374 419 481 467 quod
502 416 675 467 proxime
696 424 889 466 ceperant,
913 417 1111 455 materiem
1129 417 1195 455 illo
1216 418 1474 467 deportarent.

208 483 314 519 Dum
335 483 431 520 haec
451 483 502 520 ad
524 483 718 520 Mundam
738 490 922 531 geruntur
942 489 979 520 et
1002 484 1234 528 Ursaonem,
1251 483 1404 528 Caesar,
1427 483 1479 521 ad
1496 487 1550 525 42

114 557 131 589 5
154 545 350 596 Hispalim
366 559 456 584 cum
471 545 649 584 Gadibus
670 559 710 584 se
731 545 949 595 recepisset,
970 545 1189 596 insequenti
1211 546 1274 584 die
1295 546 1479 585 contione

151 611 341 648 advocata
361 618 668 649 commemorat:
710 609 820 648 initio
850 618 1079 659 quaesturae
1106 623 1198 648 suae
1223 623 1308 648 eam
1330 611 1479 660 provin-

151 674 251 712 ciam
276 688 322 713 ex
346 675 529 714 omnibus
560 674 766 725 provinciis
797 675 1031 725 peculiarem
1062 674 1135 713 sibi
1165 675 1412 713 constituisse
1442 683 1479 714 et

151 752 252 788 quae
285 739 474 789 potuisset
507 752 555 778 eo
587 746 761 789 tempore
793 739 984 777 beneficia
1015 738 1192 788 largitum
1232 753 1340 785 esse:
1383 739 1479 778 inse·
1500 753 1514 774 2

151 811 296 853 quente
330 811 507 853 praetura
539 803 725 854 ampliato
755 805 903 842 honore
935 803 1136 853 vectigalia
1166 817 1265 853 quae
1295 805 1478 841 Metellus

95 880 133 901 10
152 867 387 918 inposuisset
412 882 435 906 a
464 876 600 906 senatu
628 868 769 918 petisse
797 876 834 906 et
864 882 909 906 ea
938 867 1105 918 pecunia
1125 867 1364 917 provinciam
1386 868 1479 906 libe—

151 946 254 971 rasse
274 932 467 983 simulque
487 932 703 983 patrocinio
724 940 905 982 suscepto
927 932 1057 970 multis
1088 931 1346 982 legationibus
1366 933 1415 970 ab
1437 946 1477 971 se

150 996 190 1034 in
216 1004 394 1035 senatum
424 997 593 1035 inductis
623 997 736 1035 simul
768 997 932 1047 publicis
963 997 1197 1047 privatisque
1227 997 1353 1035 causis
1384 999 1478 1035 mul-

150 1068 277 1099 torum
298 1061 509 1099 inimicitiis
530 1061 718 1111 susceptis
739 1061 985 1108 defendisse3
1015 1075 1085 1099 suo
1107 1061 1198 1099 item
1216 1061 1254 1098 in
1272 1064 1477 1099 consulatu
1499 1071 1516 1101 5

149 1126 352 1163 absentem
392 1139 491 1175 quae
530 1125 718 1175 potuisset
757 1127 968 1164 commoda
1010 1125 1232 1175 provinciae
1271 1126 1450 1164 tribuisse
1470 1142 1477 1164 ;

95 1206 131 1238 15
150 1204 285 1229 eorum
306 1189 482 1228 omnium
510 1191 809 1228 commodorum
834 1198 871 1227 et
898 1189 1147 1228 immemores
1174 1197 1211 1228 et
1242 1189 1410 1239 ingratos
1437 1190 1476 1228 in

150 1269 191 1294 Se
211 1262 249 1293 et
268 1254 308 1292 in
328 1256 518 1305 populum
540 1257 764 1292 Romanum
787 1256 862 1292 hoc
884 1256 988 1293 bello
1015 1262 1052 1293 et
1074 1255 1280 1304 praeterito
1301 1263 1476 1305 tempore

150 1332 349 1369 cognosse.
412 1320 514 1357 ‘Vos
535 1318 616 1357 iure
636 1318 810 1368 gentium
835 1318 1058 1368 civiumque
1082 1321 1351 1358 Romanorum
1374 1319 1475 1357 insti·
1495 1333 1514 1362 4

150 1384 241 1422 tutis
262 1384 425 1434 cognitis
446 1397 553 1423 more
574 1385 826 1423 barbarorum
844 1385 978 1435 populi
998 1385 1166 1423 Romani
1189 1386 1476 1436 magistratibus

150 1449 403 1487 sacrosanctis
426 1462 563 1487 manus
593 1451 711 1487 semel
742 1457 779 1487 et
808 1449 961 1499 saepius
991 1450 1171 1488 attulistis
1202 1458 1239 1489 et
1266 1452 1351 1489 luce
1376 1453 1477 1490 clara

93 1527 132 1550 20
151 1513 331 1553 Cassium
353 1513 391 1551 in
413 1513 543 1552 medio
564 1515 647 1552 foro
668 1513 811 1552 nefarie
836 1514 1051 1552 interficere
1071 1514 1256 1553 voluistis.
1316 1517 1397 1554 Vos
1425 1516 1478 1555 ita
1498 1530 1513 1560 5

150 1591 287 1628 pacem
317 1592 470 1628 semper
489 1578 625 1617 odistis
646 1587 687 1617 ut
709 1580 816 1617 nullo
837 1587 1013 1629 tempore
1040 1579 1212 1629 legiones
1233 1580 1380 1619 desitae
1401 1580 1476 1619 sint

149 1642 283 1693 populi
306 1642 476 1681 Romani
497 1643 535 1680 in
557 1645 629 1681 hac
650 1643 848 1693 provincia
869 1644 1012 1682 haberi.
1064 1645 1182 1694 Apud
1197 1658 1264 1683 vos
1286 1645 1477 1684 beneficia

148 1721 219 1757 pro
239 1707 448 1755 maleficiis,
472 1707 662 1746 maleficia
687 1722 756 1758 pro
783 1708 983 1747 beneficiis
1004 1709 1207 1746 habentur.
1268 1711 1328 1747 Ita
1348 1723 1476 1760 neque

149 1772 189 1810 in
218 1772 299 1810 otio
328 1772 580 1811 concordiam
612 1787 740 1823 neque
773 1773 810 1810 in
842 1774 946 1812 bello
976 1773 1157 1812 virtutem
1193 1775 1272 1812 ullo
1301 1782 1476 1825 tempore

92 1851 129 1883 25
149 1836 314 1875 retinere
351 1837 540 1887 potuistis.
601 1838 774 1876 Privatus
813 1852 859 1876 ex
898 1840 985 1888 fuga
1020 1840 1092 1877 Cn.
1136 1839 1346 1889 Pompeius
1384 1841 1475 1878 adu·
1494 1847 1514 1879 6

149 1902 299 1940 lescens
329 1915 353 1939 a
382 1901 493 1940 vobis
525 1910 701 1952 receptus
736 1903 849 1941 fascis
879 1903 1165 1954 imperiumque
1200 1903 1272 1942 sibi
1304 1904 1472 1955 arripuit,

149 1966 280 2004 multis
324 1965 535 2005 interfectis
582 1967 732 2006 civibus
784 1968 924 2006 auxilia
979 1976 1114 2007 contra
1159 1970 1347 2019 populum
1399 1971 1476 2008 Ro-

149 2044 310 2070 manum
348 2032 596 2082 comparavit,
633 2047 744 2083 agros
779 2033 1099 2084 provinciamque
1139 2041 1266 2072 vestro
1305 2034 1474 2085 impulsu

192 2145 210 2164 2
231 2135 473 2166 diducebantur
488 2135 600 2168 DFT:
627 2137 880 2168 deducebantur
900 2137 930 2167 V
1038 2148 1057 2176 4
1079 2137 1247 2168 Ursonem
1264 2136 1334 2167 DV
1432 2139 1474 2170 ab

150 2177 282 2217 Hispali
300 2178 367 2208 FT‘
476 2180 497 2209 6
521 2185 760 2211 commemorat
779 2181 824 2211 U:
850 2192 915 2211 om.
935 2184 998 2212 cett.
1097 2191 1137 2211 10
1161 2191 1200 2211 ea
1219 2181 1363 2220 pecunia
1379 2181 1448 2212 edd.
1467 2194 1474 2213 ε

150 2221 223 2252 eius
239 2222 382 2260 pecunia
397 2221 485 2253 FT':
509 2223 580 2254 eius
598 2224 762 2262 pecuniae
779 2224 814 2254 D
917 2224 954 2254 18
980 2224 1232 2262 magistratibus
1249 2226 1474 2256 sacrosanctis

149 2274 266 2295 manus
291 2265 395 2295 semel
423 2266 625 2297 Beroaldus:
658 2277 777 2306 magna
807 2272 901 2298 trans
921 2278 999 2298 aero
1025 2269 1100 2307 (ero
1118 2267 1169 2300 D:
1201 2278 1260 2298 ore
1277 2268 1322 2305 F)
1349 2269 1476 2300 sanctis

152 2307 323 2338 Romanus
340 2307 377 2337 X
494 2320 533 2349 19
555 2310 730 2349 attulistis]
757 2311 927 2341 retulisset
945 2310 1064 2341 ultima
1080 2322 1144 2341 vox
1159 2311 1271 2342 rodicis
1291 2311 1323 2340 V
1434 2322 1475 2342 20

149 2350 303 2381 Cassium
320 2352 513 2383 Manutius:
540 2359 672 2393 captum
690 2353 727 2383 X
901 2365 939 2385 21
967 2354 1108 2395 desitae]
1137 2355 1248 2385 desint
1269 2355 1320 2386 U:
1346 2356 1474 2386 desitae

149 2394 216 2424 sint
231 2394 386 2425 Fleischer
494 2406 536 2435 23
560 2402 593 2427 et
611 2397 775 2428 maleficia
792 2397 864 2429 DU
964 2408 1003 2436 24
1030 2398 1063 2428 in
1081 2399 1151 2429 otio
1168 2397 1267 2430 F²U2
1293 2398 1390 2430 initio
1407 2402 1472 2430 cett.

149 2438 191 2467 26
216 2437 459 2478 imperiumque
480 2438 527 2471 U:
554 2440 729 2480 imperium
747 2445 812 2473 cell.
