1705 2729
586 146 820 185 INCERTI
854 146 1132 185 AVCTORIS

153 276 169 305 4
193 257 241 295 Id
271 269 318 295 eo
348 256 511 295 consilio
542 258 683 295 fecerat
715 259 823 306 quod
855 271 968 295 suum
1001 259 1179 297 dextrum
1210 261 1309 298 latus
1339 261 1519 301 munitio-

191 320 306 359 nibus
326 321 594 367 adiuvabatur‚
618 320 813 359 sinistrum
844 330 974 360 autem
1006 322 1200 372 equitatus
1226 324 1396 362 hostium
1424 327 1519 364 mul-

191 384 348 423 titudini
387 384 442 422 uti
485 384 661 423 resistere
706 392 838 435 posset
883 387 1095 434 laborabat,
1137 388 1358 438 eodemque
1403 403 1517 428 suum

191 462 351 488 omnem
372 449 589 499 equitatum
617 451 834 489 contulerat
861 458 909 497 et,
933 453 1040 501 quod
1065 451 1099 490 ei
1121 465 1257 501 parum
1279 455 1516 502 confidebat,

190 513 385 564 praesidio
417 514 475 552 his
510 514 707 564 equitibus
739 515 933 566 legionem
964 529 998 554 v.
1031 516 1281 566 praemiserat
1312 519 1519 569 levemque

152 594 169 624 5
189 586 424 617 armaturam
463 579 563 618 inter
601 580 751 630 equites
790 580 1084 630 interposuerat.
1158 582 1381 632 Sagittarios
1415 584 1519 624 varie

190 643 414 694 passimque
435 643 530 682 locis
551 644 664 683 certis
686 644 933 694 maximeque
955 645 994 683 in
1015 646 1198 684 cornibus
1220 648 1488 687 collocaverat.

124 714 171 751 61
244 708 307 746 Sic
328 715 582 758 utrorumque
604 709 793 747 exercitus
818 710 993 748 instructi
1018 724 1097 748 non
1122 712 1209 761 plus
1236 724 1423 760 passuum
1444 725 1518 752 ccc

189 771 392 811 interiecto
423 773 559 823 spatio,
595 775 703 823 quod
741 774 901 812 forsitan
939 782 1029 813 ante
1068 775 1108 813 id
1142 783 1298 825 tempus
1333 777 1517 816 acciderit

188 850 405 887 numquam
427 838 521 887 quin
542 838 802 885 dimicaretur,
825 853 847 877 a
868 852 982 878 mane
1004 853 1128 890 usque
1148 842 1198 878 ad
1220 842 1355 879 horam
1378 854 1415 880 X.
1439 842 1516 881 diei

152 917 167 938 2
188 901 446 951 perstiterunt.
509 903 674 952 Iamque
706 904 850 942 Caesar
888 905 984 942 dum
1023 904 1234 942 exercitum
1265 906 1364 943 intra
1395 906 1518 944 muni-

188 966 314 1005 tiones
346 980 433 1004 suas
468 968 654 1006 reducere
688 967 892 1017 coepisset,
925 968 1055 1007 subito
1089 969 1291 1008 universus
1323 970 1517 1020 equitatus

188 1031 345 1069 ulterior
367 1031 628 1069 Numidarum
652 1033 988 1082 Gaetulorumque
1018 1032 1100 1071 sine
1131 1033 1246 1072 frenis
1270 1035 1321 1073 ad
1342 1036 1517 1073 dextram

187 1102 337 1145 partem
364 1109 405 1133 se
430 1109 586 1134 movere
610 1096 849 1146 propiusque
871 1096 1047 1136 Caesaris
1077 1105 1202 1135 castra
1228 1111 1328 1148 quae
1349 1107 1457 1137 erant
1478 1099 1517 1137 in

187 1162 287 1199 colle
319 1174 359 1198 se
389 1162 565 1199 conferre
594 1161 736 1211 coepit,
768 1163 938 1200 frenatus
969 1169 1099 1200 autem
1133 1162 1296 1201 Labieni
1327 1177 1447 1214 eques
1477 1164 1517 1202 in

152 1227 275 1275 3loco
314 1239 542 1275 permanere
582 1226 834 1276 legionesque
873 1226 1080 1265 distinere:
1129 1241 1219 1265 cum
1259 1228 1390 1267 subito
1429 1242 1516 1279 pars

187 1290 382 1340 equitatus
399 1290 576 1330 Caesaris
597 1304 687 1329 curn
704 1291 779 1329 levi
799 1299 992 1330 armatura
1012 1299 1147 1330 contra
1164 1293 1352 1331 Gaetulos
1368 1293 1516 1332 iniussu

186 1367 232 1392 ac
262 1363 407 1393 temere
437 1355 589 1404 longius
619 1356 810 1406 progressi
841 1357 1106 1406 paludemque
1135 1357 1360 1407 transgressi
1391 1358 1516 1397 multi-

187 1419 365 1457 tudinem
405 1419 576 1458 hostium
616 1420 730 1470 pauci
769 1420 959 1459 sustinere
998 1434 1077 1459 non
1117 1429 1327 1470 potuerunt
1362 1422 1516 1472 levique

185 1492 379 1522 armatura
408 1486 560 1523 deserta
589 1488 682 1525 †ac†
712 1485 1059 1535 convulneratique
1088 1500 1168 1525 uno
1198 1487 1329 1537 equite
1357 1487 1512 1535 amisso,

187 1549 318 1588 multis
348 1550 458 1600 equis
489 1549 638 1596 sauciis,
663 1550 756 1588 levis
785 1558 1002 1589 armaturae
1026 1563 1145 1589 XXVII
1176 1552 1315 1591 occisis
1344 1553 1395 1591 ad
1424 1565 1515 1591 suos

149 1634 168 1663 4
187 1615 420 1664 refugerunt.
458 1615 551 1662 Quo
567 1615 743 1653 secundo
765 1615 933 1664 equestri
955 1616 1103 1665 proelio
1124 1618 1227 1655 facto
1241 1616 1372 1666 Scipio
1392 1618 1516 1656 laetus

149 1699 167 1730 5
188 1679 226 1716 in
257 1687 381 1717 castra
412 1687 528 1718 nocte
558 1678 691 1728 copias
723 1679 884 1718 reduxit.
946 1683 1067 1730 Quod
1098 1682 1298 1732 proprium
1329 1681 1515 1732 gaudium

186 1743 424 1782 bellantibus
451 1745 605 1782 fortuna
635 1743 802 1782 tribuere
832 1758 912 1783 non
943 1746 1136 1784 decrevit:
1167 1759 1338 1796 namque
1358 1752 1515 1795 postero

186 1807 250 1846 die
283 1809 427 1847 Caesar
457 1822 547 1846 curn
585 1816 734 1858 partem
774 1810 969 1860 equitatus
1008 1811 1065 1848 sui
1098 1809 1362 1849 frumentandi
1394 1809 1515 1859 gratia

188 1873 344 1922 Leptim
383 1872 561 1920 misisset,
602 1873 640 1910 in
681 1874 816 1913 itinere
854 1877 1103 1926 praedatores
1138 1875 1287 1925 equites
1320 1874 1514 1913 Numidas

188 1939 456 1987 Gaetulosque
486 1952 532 1976 ex
561 1938 772 1989 improviso
802 1940 928 1978 adorti
958 1940 1108 1978 circiter
1139 1952 1162 1978 c
1191 1939 1330 1989 partim
1362 1938 1514 1977 occide-

149 2006 169 2040 6
188 2010 286 2049 runt,
322 2001 462 2052 partim
493 2002 668 2042 vivorum
704 2005 816 2055 potiti
849 2012 948 2043 sunt.
1009 2006 1153 2044 Caesar
1183 2004 1336 2043 interim
1368 2003 1513 2042 cotidie

186 2067 358 2117 legiones
379 2067 418 2105 in
440 2082 624 2119 campum
649 2071 845 2108 deducere
871 2078 989 2120 atque
1016 2083 1115 2119 opus
1142 2071 1268 2108 facere
1288 2070 1514 2118 vallumque

1540 534 1556 565 5

1540 857 1579 879 10

1541 1179 1576 1211 ¹5

1537 1502 1575 1524 20

186 2140 224 2171 et
258 2134 401 2170 fossam
433 2147 501 2183 per
530 2134 705 2173 medium
737 2148 921 2185 campum
953 2136 1096 2173 ducere
1124 2134 1512 2183 adversariorumque
1533 2147 1572 2177 30

229 2250 249 2279 3
273 2239 383 2270 resisti
402 2241 424 2274 B
519 2249 557 2269 10
580 2239 634 2269 die
658 2239 693 2269 T'
785 2248 821 2277 13
837 2239 879 2269 ad
898 2239 1049 2268 dextram
1070 2238 1257 2278 (dexteram
1275 2235 1361 2275 LT‘)
1382 2240 1509 2275 partem

185 2281 241 2313 X:
274 2283 315 2313 ab
345 2283 465 2313 dextra
490 2287 585 2321 parte
609 2281 789 2322 Nipperdey
902 2282 939 2311 16
963 2281 1134 2311 destinere
1165 2279 1228 2310 T1:
1261 2280 1432 2310 destinare
1461 2279 1510 2309 V:

186 2326 339 2356 detinere
357 2325 547 2366 Hoffmann
724 2335 766 2355 20
790 2325 924 2355 deserta
946 2324 983 2355 T¹
1000 2336 1007 2355 z
1032 2324 1157 2354 deserti
1174 2327 1237 2354 cett.
1395 2332 1433 2353 ac
1456 2320 1508 2351 X:

187 2370 274 2409 pulsi
292 2368 470 2410 Nipperdey
669 2378 709 2406 24
734 2368 937 2399 bellantibus
950 2371 1024 2407 post
1040 2367 1173 2398 fortuna
1191 2366 1230 2395 L¹
1250 2378 1256 2397 x
1281 2365 1509 2396 secludendum

187 2413 312 2444 videtur
408 2422 447 2450 25
474 2416 602 2452 partem
622 2413 636 2441 δ
654 2424 659 2442 ;
685 2417 778 2450 parte
796 2410 832 2439 X
929 2412 970 2440 26
994 2410 1141 2441 misisset
1161 2409 1293 2440 Clarke:
1318 2410 1406 2439 misit
1423 2407 1460 2437 X
