1705 2729
431 136 505 171 DE
537 135 717 172 BELLO
748 135 957 172 AFRICO
990 135 1160 172 LIBER

132 244 246 282 candi
268 243 508 293 impunitatis
533 258 600 294 spe
631 252 787 294 propter
810 243 996 281 maximas
1027 257 1085 282 res
1109 252 1245 293 gestaS,
1269 245 1340 294 ipsi
1362 259 1454 294 quo-

132 322 208 357 que
228 307 544 346 interficerentur.
606 310 744 358 Itaque
769 308 804 346 ei
828 321 965 346 omnes
987 307 1179 357 Scipionis
1204 308 1344 346 milites
1364 323 1454 347 cum
1475 327 1493 358 9

132 373 250 410 fidem
281 372 457 411 Caesaris
488 372 750 421 implorarent,
781 371 1025 421 inspectante
1056 371 1140 421 ipso
1171 373 1337 410 Caesare
1367 379 1404 410 et
1433 386 1455 409 a

132 435 318 474 militibus
345 437 580 486 deprecante
609 436 664 474 eis
694 435 749 473 uti
779 444 991 485 parcerent,
1013 436 1065 473 ad
1091 449 1212 473 unum
1234 443 1323 473 sunt
1344 435 1454 474 inter-

96 515 112 546 5
132 500 231 539 fecti.

186 567 329 604 Caesar
349 565 455 603 trinis
481 565 613 603 castris
640 564 785 615 potitus
813 564 1031 614 occisisque
1061 564 1233 603 hostium
1255 577 1277 603 L
1298 564 1454 603 milibus
1475 562 1528 600 86

132 629 349 679 fugatisque
370 629 636 679 compluribus
657 643 697 667 se
718 629 863 679 recepit
884 641 908 667 L
928 629 1115 667 militibus
1136 629 1297 676 amissis,
1321 629 1455 679 paucis

132 693 271 732 sauciis
300 694 339 731 in
370 702 493 732 castra
523 707 568 732 ac
599 693 727 731 statim
763 707 809 732 ex
847 693 983 731 itinere
1021 701 1112 732 ante
1143 693 1333 744 oppidum
1354 695 1455 732 Tha-

132 772 245 808 psum
260 758 433 796 constitit
450 760 759 808 elephantosque
780 770 899 795 LX1111
923 765 1080 796 ornatos
1096 766 1344 808 armatosque
1365 772 1455 796 cum

76 837 113 858 10
133 823 300 861 turribus
342 821 660 872 ornamentisque
701 822 816 872 capit,
857 830 992 872 captos
1037 830 1128 860 ante
1172 822 1363 872 oppidum
1403 822 1456 860 in-

132 895 297 925 structos
318 887 529 933 constituit,
553 886 593 925 id
614 888 689 925 hoc
710 886 884 933 consilio,
904 887 935 924 si
952 894 1083 937 posset
1096 886 1288 937 Vergilius
1309 886 1456 937 quique

131 965 221 989 cum
243 965 290 990 eo
309 952 592 990 obsidebantur
618 951 671 989 rei
696 953 796 989 male
822 960 953 1001 gestae
980 965 1139 989 suorum
1165 951 1312 990 indicio
1332 965 1354 990 a
1375 965 1456 1002 per-

131 1016 272 1054 tinacia
292 1016 446 1054 deduci.
508 1016 664 1055 Deinde
690 1016 773 1066 ipse
794 1016 1008 1066 Vergilium
1038 1015 1246 1066 appellavit
1267 1016 1456 1054 invitavit-
1478 1030 1492 1051 2

131 1094 208 1130 que
227 1082 277 1119 ad
301 1080 544 1120 deditionem
574 1094 764 1131 suamque
793 1081 993 1120 lenitatem
1019 1088 1056 1119 et
1084 1080 1331 1119 clementiam
1353 1095 1456 1119 com-

75 1159 110 1190 15
132 1145 369 1184 memoravit.
430 1148 561 1195 Quem
590 1153 800 1196 postquam
829 1145 1103 1184 animadvertit
1131 1159 1360 1195 responsum
1382 1145 1455 1184 sibi

131 1223 211 1248 non
231 1210 333 1256 dare,
356 1210 406 1248 ab
427 1209 575 1260 oppido
604 1209 792 1248 discessit.
855 1212 1016 1248 Postero
1043 1210 1106 1248 die
1131 1209 1263 1248 divina
1286 1224 1325 1248 re
1355 1211 1456 1248 facta
1477 1220 1494 1250 3

130 1274 315 1313 contione
347 1276 538 1314 advocata
568 1274 607 1312 in
641 1282 855 1325 conspectu
888 1275 1175 1325 oppidanorum
1206 1274 1346 1314 milites
1380 1277 1456 1314 col-

130 1341 262 1378 laudat
295 1347 501 1390 totumque
534 1340 744 1379 exercitum
776 1348 1046 1379 veteranorum
1082 1340 1253 1387 donavit,
1284 1341 1455 1391 praemia

130 1403 340 1443 fortissimo
368 1404 510 1454 cuique
540 1418 585 1443 ac
614 1406 716 1443 bene
747 1405 910 1443 merenti
938 1419 1008 1455 pro
1038 1413 1221 1455 suggestu
1242 1405 1385 1452 tribuit,
1409 1419 1454 1444 ac

73 1481 111 1503 20
130 1468 258 1507 statim
286 1469 378 1508 inde
406 1469 599 1520 digressus
623 1470 766 1508 Rebilo
795 1484 866 1520 pro
895 1471 1057 1508 consule
1088 1484 1178 1508 cum
1205 1483 1250 1507 111
1282 1471 1332 1509 ad
1353 1472 1455 1508 Tha-

129 1547 243 1584 psum
273 1534 491 1584 legionibus
519 1542 556 1572 et
577 1536 649 1574 Cn.
672 1535 856 1573 Domitio
869 1549 960 1573 cum
974 1535 1128 1573 duabus
1149 1536 1362 1584 Thysdrae,
1387 1535 1454 1574 ubi

130 1598 341 1637 Considius
379 1606 563 1648 praeerat,
596 1600 647 1637 ad
685 1599 950 1638 obsidendum
990 1599 1142 1645 relictis,
1179 1601 1234 1636 M.
1271 1601 1455 1638 Messalla

130 1662 288 1701 Uticam
309 1670 400 1701 ante
419 1662 632 1712 praemisso
652 1676 743 1701 curn
771 1663 946 1713 equitatu
971 1663 1054 1714 ipse
1074 1665 1216 1702 eodem
1237 1663 1308 1702 iter
1328 1665 1454 1703 facere

129 1727 341 1765 contendit.

71 1810 107 1841 25
184 1791 346 1841 Equites
375 1793 529 1830 interim
559 1792 764 1843 Scipionis,
795 1794 859 1842 qui
894 1806 940 1831 ex
968 1792 1117 1843 proelio
1146 1793 1334 1842 fugerant,
1363 1806 1452 1831 cum
1473 1794 1521 1842 87

129 1856 288 1895 Uticam
318 1870 448 1894 versus
478 1857 549 1895 iter
574 1858 754 1903 facerent,
784 1856 1015 1906 perveniunt
1044 1858 1094 1896 ad
1124 1856 1314 1907 oppidum
1343 1859 1454 1894 Para-

128 1922 211 1959 dae.
286 1921 367 1960 Ubi
399 1935 489 1960 cum
527 1922 577 1960 ab
612 1921 749 1960 incolis
788 1936 868 1960 non
908 1922 1180 1972 reciperentur,
1216 1921 1306 1960 ideo
1344 1923 1453 1971 quod
1475 1940 1488 1960 2

128 1987 230 2023 fama
259 1987 308 2024 de
337 1986 497 2024 victoria
524 1986 699 2025 Caesaris
729 1986 1064 2036 praecucurrisset,
1096 1986 1132 2024 vi
1162 1986 1310 2036 oppido
1340 1986 1453 2036 potiti

128 2049 167 2087 in
197 2050 328 2088 medio
358 2052 441 2089 foro
470 2050 581 2101 lignis
612 2051 847 2089 coacervatis
877 2051 1140 2100 omnibusque
1170 2051 1285 2089 rebus
1317 2064 1451 2089 eorum

70 2132 109 2163 30
128 2115 321 2164 congestis
351 2115 480 2164 ignem
511 2115 708 2154 subiciunt
737 2123 854 2165 atque
884 2115 965 2153 eius
996 2115 1133 2165 oppidi
1160 2115 1307 2154 incolas
1329 2116 1453 2154 cuius-

128 2192 204 2228 que
237 2178 387 2228 generis
425 2179 639 2229 aetatisque
678 2179 785 2217 vivos
825 2179 1135 2229 constrictosque
1174 2179 1213 2217 in
1252 2181 1450 2218 flammam

175 2289 185 2307 1
214 2288 274 2316 spe
296 2277 382 2309 codd.
403 2277 527 2309 Norvt'c.
550 2282 579 2308 ct
597 2278 706 2309 Pctav.
727 2290 733 2309 :
763 2289 825 2309 om.
846 2276 884 2307 X
1078 2278 1141 2317 ipsi
1165 2278 1384 2319 Oudendorp:
1410 2279 1450 2309 ab

128 2322 211 2360 ipsis
227 2319 265 2350 X
403 2332 422 2351 2
447 2322 466 2351 ii
489 2322 535 2352 U:
563 2322 609 2352 hii
626 2321 677 2352 L:
702 2332 726 2352 11
744 2321 793 2352 F:
820 2332 851 2352 -1·
875 2321 918 2351 T:
945 2321 1040 2360 primi
1062 2321 1111 2352 V:
1135 2332 1200 2352 om.
1222 2322 1256 2352 D
1413 2323 1450 2352 18

127 2370 363 2395 veteranorum
382 2364 435 2394 D:
462 2370 657 2395 veteranum
677 2367 698 2398 β
797 2376 835 2395 21
864 2365 1052 2404 legionibus
1070 2367 1116 2395 Δδ
1132 2376 1138 2395 :
1163 2365 1357 2396 cohortibus
1372 2365 1448 2396 DA:

128 2418 193 2438 om.
212 2411 233 2442 β
368 2419 410 2447 29
436 2419 550 2438 eorum
569 2407 626 2438 X:
652 2419 693 2438 eo
716 2407 872 2448 lVocffffl
