1705 2729
81 873 119 896 10

81 1520 118 1542 20

436 167 509 203 DE
540 166 720 204 BELLO
751 166 961 204 AFRICO
993 167 1162 203 LIBER

139 277 423 315 immortalibus
456 275 648 326 portendi.
724 274 941 314 Dubitante
975 276 1143 314 Caesare
1176 282 1294 325 atque
1325 288 1459 314 eorum
1483 286 1499 316 3

138 341 269 380 studio
289 340 570 391 cupiditatique
591 339 792 378 resistente
808 339 962 389 sibique
977 339 1182 389 eruptione
1198 340 1360 390 pugnari
1381 354 1460 378 non

139 408 291 456 placere
325 405 559 452 clamitante,
593 405 710 443 etiam
745 411 863 454 atque
895 403 1012 442 etiam
1046 404 1171 442 aciem
1205 411 1459 451 sustentante,

139 470 269 509 subito
307 471 443 509 dextro
477 483 598 508 cornu
629 469 778 507 iniussu
814 468 990 508 Caesaris
1022 468 1183 507 tubicen
1217 482 1240 506 a
1273 468 1460 507 militibus

139 543 297 574 coactus
327 548 465 573 canere
495 534 634 584 coepit.
695 535 787 583 Quo
811 534 914 572 facto
938 533 988 571 ab
1015 533 1203 572 universis
1233 533 1460 571 cohortibus
1480 549 1499 578 4

138 600 248 650 signa
277 599 317 637 in
347 601 501 637 hostem
532 589 697 649 coepere
728 598 868 645 inferri,
902 611 992 636 cum
1022 597 1270 636 centuriones
1303 605 1461 647 pectore

137 667 301 704 adverso
335 664 554 703 resisterent
592 663 708 713 vique
746 662 991 702 continerent
1031 662 1184 709 milites,
1225 676 1274 700 ne
1313 662 1460 701 iniussu

138 729 379 779 imperatoris
409 736 693 775 concurrerent,
726 741 799 766 nec
829 728 1041 777 quicquam
1072 729 1315 777 proficerent.

193 795 314 843 Quod
334 801 543 843 postquam
565 794 708 833 Caesar
728 791 917 831 intellexit
944 791 1112 830 incitatis
1133 791 1299 829 militum
1321 791 1460 829 animis
1481 789 1531 836 83

137 858 261 897 resisti
282 859 389 897 nullo
410 858 531 896 modo
551 871 677 907 posse,
697 857 807 907 signo
826 856 1034 895 Felicitatis
1056 857 1149 895 dato
1171 869 1273 906 equo
1289 855 1461 894 admisso

137 923 177 961 in
198 925 352 961 hostem
373 930 508 961 contra
528 922 723 972 principes
744 922 798 960 ire
819 921 1033 960 contendit.
1093 923 1129 959 A
1151 922 1286 960 dextro
1307 920 1460 959 interim
1483 939 1497 960 2

137 1001 259 1026 cornu
293 986 508 1025 funditores
548 986 811 1036 sagittariique
850 986 1006 1024 concita
1039 987 1116 1024 tela
1153 985 1193 1023 in
1232 987 1461 1034 elephantos

137 1054 358 1103 frequentes
383 1051 556 1090 iniciunt.
618 1053 709 1100 Quo
737 1053 839 1090 facto
869 1051 1017 1090 bestiae
1046 1050 1210 1089 stridore
1240 1051 1459 1097 fundarum,

137 1117 311 1167 lapidum
343 1116 574 1167 plumbique
608 1116 748 1157 †itata†
780 1116 1003 1166 perterritae
1042 1129 1126 1154 sese
1165 1123 1391 1154 convertere
1424 1122 1461 1152 et

138 1195 229 1220 suos
258 1189 346 1231 post
375 1194 416 1219 se
446 1181 658 1231 frequentis
688 1181 930 1231 stipatosque
960 1188 1155 1230 proterere
1190 1188 1227 1218 et
1261 1180 1300 1217 in
1332 1187 1461 1229 portas

137 1246 225 1284 valli
246 1245 466 1284 semifactas
488 1259 597 1284 ruere
617 1247 874 1284 contendunt.
935 1247 1036 1284 Item
1060 1244 1189 1283 Mauri
1210 1245 1371 1294 equites,
1395 1244 1461 1294 qui
1483 1262 1499 1292 3

136 1310 175 1348 in
197 1311 337 1349 eodem
360 1323 481 1349 cornu
502 1310 720 1360 elephantis
741 1318 860 1357 erant,
884 1309 1078 1360 praesidio
1105 1309 1246 1348 deserti
1267 1308 1461 1359 principes

137 1375 298 1424 fugiunt.
360 1376 420 1413 Ita
455 1375 630 1413 celeriter
669 1374 802 1413 bestiis
833 1375 1043 1413 circumitis
1074 1374 1247 1424 legiones
1268 1375 1368 1411 vallo
1396 1375 1461 1411 ho·
1480 1385 1499 1415 4

136 1439 254 1478 stium
285 1447 375 1478 sunt
405 1439 562 1490 potitae,
595 1447 632 1478 et
662 1439 797 1490 paucis
835 1439 973 1477 acriter
1011 1438 1317 1489 repugnantibus
1350 1438 1461 1476 inter-

136 1504 326 1554 fectisque
347 1503 484 1554 reliqui
505 1503 689 1543 concitati
711 1503 749 1541 in
771 1511 895 1542 castra
916 1504 1021 1542 unde
1043 1503 1167 1553 pridie
1188 1510 1296 1540 erant
1321 1501 1460 1551 egressi

136 1569 376 1620 confugiunt.

191 1637 284 1673 Non
323 1634 475 1673 videtur
514 1647 598 1673 esse
638 1632 1027 1683 praetermittendum
1067 1633 1117 1671 de
1151 1632 1291 1669 virtute
1330 1631 1461 1669 militis
1482 1629 1534 1677 84

135 1700 306 1739 veterani
336 1712 370 1738 V.
403 1699 576 1750 legionis„
637 1700 740 1737 Nam
770 1712 860 1736 cum
892 1698 931 1735 in
961 1697 1116 1735 sinistro
1150 1710 1271 1735 cornu
1304 1697 1462 1745 elephas

136 1767 294 1804 vulnere
326 1765 425 1803 ictus
459 1773 497 1803 et
531 1765 667 1803 dolore
696 1763 913 1802 concitatus
948 1762 987 1800 in
1026 1762 1142 1800 lixam
1172 1761 1360 1799 inermem
1396 1761 1462 1798 im-

135 1838 270 1881 petum
286 1830 441 1869 fecisset
457 1843 627 1879 eumque
647 1829 721 1867 sub
741 1829 842 1879 pede
863 1827 1065 1866 subditum
1082 1827 1174 1865 dein
1190 1840 1293 1876 genu
1309 1826 1462 1863 innixus

135 1897 310 1945 pondere
331 1908 402 1934 suo
423 1894 658 1945 proboscide
685 1901 812 1932 erecta
832 1892 1078 1942 vibrantique
1108 1891 1271 1930 stridore
1292 1890 1462 1928 maximo

135 1969 328 2011 premeret
347 1968 465 2010 atque
492 1968 682 2007 enecaret,
706 1959 816 1998 miles
845 1958 909 1997 hic
939 1971 1019 1996 non
1049 1957 1176 2007 potuit
1200 1956 1279 2006 pati
1306 1956 1399 2006 quin
1422 1969 1462 1994 se

135 2033 305 2064 armatus
339 2025 487 2064 bestiae
518 2026 680 2064 offerret.
741 2026 871 2073 Quem
903 2030 1113 2073 postquam
1147 2022 1306 2071 elephas
1339 2021 1389 2058 ad
1422 2034 1462 2058 se
1484 2032 1498 2053 2

137 2092 216 2128 telo
247 2090 388 2128 infesto
419 2089 550 2128 venire
587 2088 871 2136 animadvertit,
905 2088 1039 2126 relicto
1072 2087 1260 2125 cadavere
1300 2085 1462 2123 militem

81 2168 120 2199 30
138 2154 373 2205 proboscide
393 2154 610 2193 circumdat
633 2161 751 2204 atque
780 2153 820 2191 in
850 2153 1018 2191 sublime
1047 2151 1205 2190 extollit.
1265 2152 1459 2196 Armatus,
1483 2157 1500 2187 3

138 2219 204 2269 qui
234 2218 272 2256 in
303 2218 496 2258 eiusmodi
525 2218 699 2268 periculo
728 2225 952 2256 constanter
980 2218 1177 2266 agendum
1208 2216 1281 2254 sibi
1303 2215 1460 2260 videret,

183 2333 220 2361 14
245 2322 437 2361 plumbique
455 2321 509 2352 D:
535 2332 600 2352 om.
619 2323 642 2356 β
753 2322 833 2353 itata
850 2320 907 2351 D:
932 2321 1054 2351 iactatu
1073 2320 1214 2351 Kuebler
1327 2329 1362 2358 17
1389 2328 1462 2348 cum

131 2369 323 2439 1131ῑὶἓίοὲἱῖ
335 2365 417 2438 grid.
436 2364 507 2396 edd.
524 2369 608 2403 vett.5
625 2364 759 2395 Kraner
854 2374 894 2403 27
920 2364 983 2394 hoc
1000 2363 1048 2393 D‘·'
1159 2374 1196 2402 31
1220 2367 1294 2404 post
1311 2363 1463 2402 periculo
