1705 2729
574 96 617 132 C.
657 95 771 131 IVLI
805 94 1073 133 CAESARIS

159 206 269 244 tertia
290 206 452 244 vacabat
482 207 532 243 ad
562 205 760 242 incursum
790 214 907 254 atque
933 205 1124 254 impetum
1151 205 1317 242 militum
1342 205 1485 244 relicta.

122 281 139 312 5
161 271 198 309 Si
220 270 410 320 proelium
438 269 757 315 committeretur,
780 269 1050 319 propinquitas
1080 276 1293 307 castrorum
1321 271 1487 307 celerem

160 334 348 384 superatis
369 348 415 372 ex
436 335 525 382 fuga
552 340 752 383 receptum
780 334 909 371 dabat.
971 334 1060 371 Hac
1087 334 1138 371 de
1162 346 1279 371 causa
1304 333 1490 372 constitu-

161 406 241 438 erat
261 398 370 448 signa
389 398 646 437 inferentibus
667 397 852 444 resistere,
876 397 979 448 prior
999 398 1149 448 proelio
1170 412 1249 436 non
1271 400 1469 437 lacessere.

91 462 142 508 83
214 463 331 501 Acies
360 470 441 501 erat
460 462 674 501 Afraniana
702 463 847 512 duplex
876 462 1074 512 legionum
1096 475 1130 509 v,
1155 463 1310 501 tertium
1337 463 1377 500 in
1405 464 1492 501 sub·
1512 476 1528 506 5

125 547 140 568 2
161 527 269 565 sidiis
295 529 426 565 locum
460 527 600 566 alariae
624 528 806 565 cohortes
835 527 1096 574 obtinebant3
1134 527 1311 566 Caesaris
1342 528 1489 577 triplex,

161 593 230 630 sed
251 591 415 642 primam
443 592 567 630 aciem
595 599 807 641 quaternae
834 593 1015 630 cohortes
1036 606 1082 630 ex
1103 604 1127 629 V
1148 592 1368 642 legionibus
1388 600 1493 631 tene-

161 657 266 702 bant,
299 658 368 694 has
400 656 653 695 subsidiariae
685 664 817 694 ternae
848 663 886 694 et
916 670 1045 694 rursus
1075 657 1173 696 aliae
1203 657 1369 695 totidem
1399 670 1492 695 suae

162 721 351 770 cuiusque
380 720 543 770 legionis
573 722 940 770 subsequebantur,
978 721 1160 770 sagittarii
1195 721 1492 771 funditoresque

126 798 143 827 3
163 785 293 823 media
326 785 628 823 continebantur
654 785 747 832 acie,
780 785 974 834 equitatus
1006 787 1124 824 latera
1153 786 1344 835 cingebat.
1404 785 1491 823 Tali
1514 798 1553 820 10

162 850 349 887 instructa
368 849 451 888 acie
472 857 604 888 tenere
624 857 788 899 uterque
808 849 1051 899 propositum
1072 850 1278 889 videbatur
1297 866 1304 888 :
1336 852 1490 896 Caesar,

163 913 237 952 nisi
266 921 425 952 coactus
456 913 649 963 proelium
678 927 758 952 non
789 913 1044 961 committere,
1074 914 1148 961 ille,
1182 922 1224 952 ut
1253 928 1371 965 opera
1400 916 1496 954 Cae-

164 977 256 1016 saris
295 977 512 1028 impediret.
574 977 807 1016 Producitur
845 985 976 1016 tamen
1011 992 1070 1017 res
1103 979 1286 1029 aciesque
1319 981 1369 1018 ad
1404 979 1496 1018 solis

165 1055 349 1080 occasum
388 1042 665 1089 continentur,
708 1042 801 1080 inde
839 1042 993 1092 utrique
1032 1043 1071 1081 in
1111 1052 1236 1082 castra
1272 1044 1492 1083 discedunt.

124 1118 144 1148 4
166 1109 327 1145 Postero
361 1107 425 1146 die
459 1107 698 1145 munitiones
733 1107 926 1145 institutas
962 1109 1105 1146 Caesar
1142 1116 1251 1158 parat
1284 1110 1469 1159 perficere
1487 1122 1496 1155 ;
1518 1121 1555 1154 15

165 1172 218 1209 illi
257 1172 401 1210 vadum
441 1171 612 1209 fluminis
645 1170 786 1209 Sicoris
824 1179 1025 1221 temptare,
1062 1172 1093 1210 si
1132 1172 1292 1211 transire
1322 1179 1493 1223 possent.

127 1246 143 1277 5
167 1238 257 1285 Qua
276 1249 316 1274 re
335 1235 607 1274 animadversa
628 1237 772 1275 Caesar
793 1237 1011 1274 Germanos
1038 1236 1133 1275 levis
1156 1244 1372 1275 armaturae
1393 1236 1497 1286 equi-

166 1308 330 1350 tumque
350 1307 499 1350 partem
531 1302 677 1339 flumen
708 1299 832 1338 traicit
861 1301 1095 1350 crebrasque
1122 1300 1160 1338 in
1187 1301 1278 1351 ripis
1299 1300 1497 1340 custodias

167 1365 350 1415 disponit.

96 1428 148 1477 84
221 1430 402 1468 Tandem
431 1428 615 1467 omnibus
639 1429 754 1467 rebus
781 1428 941 1475 obsessi,
968 1437 1148 1479 quartum
1174 1429 1250 1468 iam
1279 1429 1385 1468 diem
1415 1430 1499 1469 sine
1521 1443 1561 1465 20

168 1495 315 1544 pabulo
346 1494 505 1532 retentis
536 1493 730 1540 iumentis,
754 1507 889 1543 aquae,
919 1494 1123 1544 lignorum,
1153 1495 1337 1533 frumenti
1366 1495 1499 1545 inopia

168 1558 410 1608 colloquium
440 1565 578 1608 petunt
608 1565 646 1596 et
673 1558 723 1604 id,
751 1557 781 1595 si
810 1558 890 1596 fieri
920 1558 1052 1608 possit,
1080 1567 1232 1598 semoto
1258 1572 1281 1597 a
1310 1559 1499 1598 militibus

131 1638 146 1659 2
169 1624 267 1662 loco.
328 1623 408 1662 Ubi
438 1623 477 1661 id
504 1636 527 1661 a
548 1624 715 1662 Caesare
745 1630 929 1672 negatum
954 1631 1003 1670 et,
1026 1625 1155 1673 palam
1177 1624 1208 1662 si
1232 1624 1404 1674 colloqui
1425 1626 1500 1663 vel-

169 1690 259 1734 lent,
283 1700 515 1726 concessum
537 1694 604 1733 est,
629 1688 743 1726 datur
769 1687 918 1726 obsidis
939 1689 1029 1726 loco
1050 1688 1207 1727 Caesari
1228 1689 1330 1727 filius
1350 1688 1496 1727 Afrani.

132 1752 334 1796 3Venitur
372 1752 411 1789 in
450 1765 540 1790 eum
579 1753 710 1790 locum
746 1765 864 1802 quem
897 1754 1041 1792 Caesar
1074 1753 1228 1803 delegit.
1301 1754 1499 1792 Audiente
1521 1767 1559 1798 25

168 1825 335 1866 utroque
359 1817 529 1855 exercitu
559 1817 731 1866 loquitur
751 1817 956 1855 Afranius:
995 1831 1076 1856 non
1106 1831 1191 1857 esse
1219 1825 1285 1856 aut
1313 1817 1407 1868 ipsis
1433 1826 1500 1856 aut

169 1881 358 1919 militibus
405 1883 728 1928 suscensendum,
770 1883 878 1931 quod
927 1883 1046 1921 fidem
1092 1896 1181 1932 erga
1225 1882 1499 1932 imperatorem

131 1960 151 1989 4
169 1960 283 1984 suum
312 1947 384 1984 Cn.
416 1946 649 1995 Pompeium
677 1960 907 1985 conservare
931 1947 1133 1985 voluerint.
1194 1948 1271 1985 Sed
1301 1947 1392 1985 satis
1422 1947 1499 1985 iarn

169 2010 307 2049 fecisse
341 2010 469 2048 officio
508 2011 679 2060 satisque
718 2011 884 2061 supplici
915 2011 1049 2050 tulisse
1082 2025 1286 2061 perpessos
1322 2011 1499 2049 omnium

170 2088 297 2113 rerum
332 2075 530 2125 inopiam3
570 2089 675 2113 nunc
704 2089 796 2114 vero
824 2089 950 2126 paene
979 2083 1021 2114 ut
1050 2077 1148 2114 feras
1179 2075 1500 2114 circummunitos
1521 2089 1561 2120 30

214 2189 233 2216 4
260 2178 417 2209 resistere
435 2190 468 2209 r:
497 2177 710 2209 desistereX
795 2188 814 2217 5
840 2179 976 2209 tertium
991 2178 1196 2210 Cia‘com'us:
1223 2177 1373 2209 tertiaX
1462 2189 1500 2208 12

173 2221 235 2251 nisi
265 2226 399 2252 coactus
429 2222 592 2261 proelium
616 2232 682 2252 non
709 2222 789 2261 (non
815 2232 879 2252 om.
907 2221 996 2259 DT')
1025 2222 1233 2252 committere
1257 2221 1409 2252 DU'T‘:
1435 2223 1500 2251 nisi

173 2265 298 2294 coactis
323 2265 487 2304 proelium
513 2276 580 2295 non
606 2265 831 2295 committeret
856 2265 908 2296 L:
942 2270 977 2295 ut
995 2265 1060 2294 nisi
1084 2270 1220 2295 coactus
1244 2265 1408 2304 proelium
1431 2275 1499 2295 non

173 2308 399 2338 committeret
427 2319 444 2337 ν
587 2309 628 2338 28
652 2308 822 2338 voluerint
853 2309 917 2339 A2:
957 2309 1135 2339 voluerunt
1166 2307 1204 2337 X
1347 2318 1390 2346 3ο
1412 2308 1501 2338 seras

176 2349 325 2382 Vossius:
353 2351 494 2381 feminas
512 2350 549 2380 X
