1705 2729
518 124 590 160 DE
623 124 802 161 BELLO
834 123 1010 161 CIVILI
1044 124 1145 160 LIB.
1178 125 1194 160 I

250 238 338 284 Qua
362 250 400 274 re
430 248 497 284 per
526 237 786 285 exploratores
816 235 971 283 cognita
1001 247 1155 272 summo
1187 235 1317 272 labore
1348 234 1514 271 militum
1535 234 1587 270 62

195 301 340 340 Caesar
365 299 594 338 continuato
620 299 990 348 diem‘noctemque
1016 312 1134 349 opere
1160 298 1199 336 in
1227 298 1387 336 flumine
1413 311 1515 335 aver-

194 366 315 403 tendo
353 365 430 402 huc
463 364 539 402 iam
574 364 777 402 reduxerat
814 377 893 401 rem
934 371 975 401 ut
1009 363 1169 413 equites,
1207 363 1277 401 etsi
1311 363 1517 401 difficulter

194 436 312 478 atque
341 441 454 477 aegre
488 428 615 474 fiebat,
650 435 809 478 possent
841 435 972 466 tamen
1003 435 1121 477 atque
1151 428 1340 465 auderent
1369 428 1517 464 flumen

158 502 174 532 5
195 492 364 539 transire,
384 491 536 542 pedites
555 504 646 530 Vero
667 493 943 530 tantummodo
960 491 1102 530 umeris
1121 505 1167 530 ac
1188 505 1343 530 summo
1360 499 1518 541 pectore
1540 505 1553 526 ι

196 563 389 595 exstarent
422 563 460 594 et
498 569 588 594 cum
626 555 832 594 altitudine
869 569 995 605 aquae
1033 563 1117 593 tum
1156 556 1273 593 etiam
1312 554 1518 605 rapiditate

196 621 365 659 fluminis
385 622 436 659 ad
457 622 738 659 transeundum
763 621 1052 670 impedirentur.
1113 622 1191 659 Sed
1218 628 1348 658 tamen
1376 621 1517 658 eodem
1540 630 1555 659 3

196 687 274 723 fere
294 693 469 736 tempore
495 698 594 734 pons
621 685 660 722 in
689 685 841 724 Hibero
868 699 989 735 prope
1016 686 1176 723 effectus
1203 684 1455 722 nuntiabatur
1482 691 1518 721 et

196 750 236 788 in
258 750 378 788 Sicori
399 751 541 788 vadum
564 749 836 799 reperiebatur.

141 828 179 849 10
252 816 336 851 Iam
370 827 461 852 vero
495 827 541 852 eo
576 813 697 863 magis
731 813 784 851 illi
819 815 1095 852 maturandum
1129 813 1199 851 iter
1233 812 1516 851 existimabant.
1539 813 1592 858 63

199 880 338 928 Itaque
376 879 529 916 duabus
575 878 824 917 auxiliaribus
863 878 1090 917 cohortibus
1135 879 1287 917 Ilerdae
1325 876 1519 928 praesidio

198 943 338 981 relictis
373 943 556 981 omnibus
590 943 712 993 copiis
745 943 907 982 Sicorim
943 950 1142 982 transeunt
1173 951 1211 981 et
1242 956 1331 981 cum
1366 942 1520 981 duabus

198 1007 416 1057 legionibus
437 1021 532 1057 quas
554 1007 816 1058 superioribus
841 1008 981 1046 diebus
1006 1010 1253 1046 traduxerant
1280 1014 1405 1045 castra
1431 1020 1521 1045 con-

199 1072 373 1122 iungunt.
452 1072 763 1121 Relinquebatur
801 1073 958 1112 Caesari
996 1073 1091 1110 nihil
1140 1072 1212 1110 nisi
1251 1072 1307 1110 uti
1346 1071 1520 1121 equitatu
1544 1080 1557 1101 2

144 1151 179 1182 15
199 1150 339 1186 agmen
360 1137 668 1175 adversariorum
686 1139 786 1175 male
806 1138 967 1176 haberet
988 1145 1025 1175 et
1045 1144 1229 1186 carperet.
1290 1139 1394 1174 Pons
1416 1136 1521 1174 enim

200 1198 320 1248 ipsius
342 1211 527 1248 magnum
548 1198 752 1237 circuitum
773 1200 955 1245 habebat,
979 1207 1020 1237 ut
1041 1200 1165 1237 multo
1186 1198 1361 1237 breviore
1386 1197 1522 1236 itinere

199 1262 254 1301 illi
281 1264 332 1301 ad
368 1263 563 1301 Hiberum
598 1263 798 1313 pervenire
828 1271 998 1313 possent.
1058 1263 1222 1312 Equites
1250 1263 1301 1301 ab
1333 1275 1380 1301 eo
1415 1262 1522 1300 missi
1546 1272 1562 1302 3

200 1329 347 1366 flumen
377 1335 579 1366 transeunt
610 1336 659 1375 et,
693 1341 782 1366 curn
814 1330 864 1366 de
895 1328 1006 1366 tertia
1037 1327 1165 1377 vigilia
1200 1327 1373 1365 Petreius
1405 1334 1523 1376 atque

201 1392 383 1431 Afranius
430 1400 554 1431 castra
593 1393 815 1439 movissent,
856 1401 1016 1443 repente
1054 1406 1138 1432 sese
1176 1394 1227 1431 ad
1265 1392 1522 1431 novissimum

144 1471 182 1493 20
200 1470 340 1506 agmen
367 1459 581 1496 ostendunt
608 1466 645 1496 et
673 1471 813 1507 magna
839 1457 1090 1497 multitudine
1119 1457 1353 1496 circumfusa
1383 1456 1523 1495 morari

200 1529 317 1572 atque
337 1522 407 1560 iter
427 1522 616 1572 impedire
637 1522 837 1572 incipiunt.

256 1587 385 1625 Prima
429 1589 516 1626 luce
561 1601 606 1626 ex
652 1587 916 1637 superioribus
961 1587 1056 1626 locis
1101 1600 1202 1637 quae
1241 1586 1419 1626 Caesaris
1465 1599 1523 1624 ca·
1544 1585 1598 1632 64

203 1651 287 1690 stris
326 1660 435 1691 erant
475 1653 686 1691 coniuncta
725 1653 955 1690 cernebatur
989 1651 1184 1701 equitatus
1214 1650 1336 1689 nostri
1375 1650 1523 1700 proelio

203 1716 437 1755 novissimos
472 1717 625 1755 illorum
665 1717 789 1766 premi
823 1718 1075 1755 vehementer
1107 1729 1153 1754 ac
1188 1729 1267 1754 non
1307 1728 1523 1764 numquam

146 1794 183 1824 25
204 1781 383 1819 sustineri
417 1789 632 1820 extremum
666 1795 807 1831 agmen
841 1789 959 1831 atque
993 1780 1232 1830 interrumpi,
1267 1780 1361 1818 alias
1396 1779 1525 1817 inferri

204 1845 312 1894 signa
345 1853 383 1883 et
416 1846 682 1884 universarum
716 1846 937 1884 cohortium
971 1845 1120 1895 impetu
1155 1852 1308 1883 nostros
1347 1844 1521 1894 propelli,

203 1910 294 1948 dein
329 1924 457 1948 rursus
489 1924 697 1949 conversos
729 1911 892 1960 insequi.
951 1910 1064 1948 Totis
1095 1922 1186 1948 vero
1217 1908 1351 1947 castris
1383 1908 1554 1946 milites2

203 1974 377 2012 circulari
398 1982 435 2013 et
462 1976 595 2014 dolere
621 1977 775 2014 hostem
803 1989 849 2013 ex
879 1975 1060 2013 manibus
1090 1973 1244 2020 dimitti,
1267 1974 1415 2011 bellum
1445 1986 1525 2010 non

204 2039 422 2078 necessario
442 2039 595 2089 longius
616 2040 717 2087 duci,
737 2039 1065 2089 centurionesque
1081 2039 1338 2088 tribunosque
1359 2037 1526 2075 militum

246 2151 266 2180 3
289 2142 476 2172 deduxerat
501 2142 583 2173 Aclz.
612 2141 739 2173 Statius
900 2144 921 2173 6
945 2147 1120 2173 exstarent
1149 2142 1272 2173 Dam'es
1286 2154 1293 2173 ι
1332 2145 1466 2172 exstare
1493 2139 1529 2169 X

205 2194 222 2223 7
247 2185 492 2224 impedirentur
509 2185 536 2214 L
551 2197 556 2216 :
594 2196 660 2215 non
679 2186 922 2225 impedirentur
940 2189 1004 2217 cett.
1167 2196 1205 2224 13
1231 2186 1454 2216 traduxerant
1472 2183 1526 2214 D:

204 2228 424 2258 traduxerunt
441 2231 463 2262 Β
599 2238 636 2268 15
662 2229 750 2259 Pons
764 2229 792 2259 L
809 2241 815 2260 :
839 2234 914 2268 post
932 2233 995 2260 cell.
1132 2239 1173 2258 22
1196 2239 1281 2267 quae
1298 2228 1356 2259 L':
1375 2238 1439 2258 om.
1460 2230 1523 2256 cett.

205 2280 245 2308 25
262 2272 422 2302 sustineri
439 2272 587 2311 Gzsesing:
613 2273 783 2302 sustinere
794 2271 832 2301 X
917 2276 991 2302 ante
1004 2272 1204 2311 interrumpi
1221 2270 1295 2302 add.
1311 2272 1374 2301 iter
1389 2270 1528 2309 Madwg

205 2313 321 2344 inferri
339 2316 354 2343 δ
370 2325 376 2344 :
395 2304 534 2349 ferrff
609 2317 650 2345 26
667 2316 791 2354 impetu
809 2314 853 2344 L'·'
868 2327 876 2346 τ
900 2316 1060 2355 impetum
1078 2314 1115 2343 X
1201 2325 1240 2352 27
1259 2324 1440 2344 conversos
1459 2314 1503 2343 [ἦ
1519 2324 1525 2342 :

206 2366 370 2388 converso
386 2356 424 2386 X
529 2359 570 2388 28
595 2368 661 2388 non
680 2358 744 2390 D‘:
769 2369 835 2389 om.
853 2362 875 2392 β

1400 2399 1440 2438 3*
