1705 2729
602 146 835 182 INCERTI
869 146 1151 185 AVCTORIS

175 272 188 292 2
211 256 306 294 nivit
345 264 462 306 atqut¹
503 257 553 294 ibi
595 256 831 306 praesidium
871 257 1011 306 posuit.
1074 260 1194 296 Hunc
1234 261 1323 308 suga
1359 259 1537 298 Pharitae

210 320 471 370 reliquerant3
505 321 685 359 artiorem
719 320 826 358 illum
859 321 1161 371 propioremque
1193 323 1342 373 oppido
1374 325 1538 362 Alexan-

209 384 310 422 drini
331 386 550 423 tuebantur.
611 386 688 423 Sed
710 399 800 423 eum
822 393 978 435 postero
1003 386 1067 424 (lie
1095 386 1211 424 simili
1235 387 1384 426 ratione
1410 401 1538 437 aggre-

208 448 322 495 ditur,
339 451 447 499 quod
461 449 521 486 his
537 449 709 487 obtentis
725 451 882 488 duobus
896 464 1054 488 omnem
1073 450 1314 499 navigiorum
1331 465 1535 491 excursum

171 525 188 555 3
209 520 246 551 et
267 513 471 563 repentina
491 513 692 552 latrocinia
719 515 914 552 sublatum
944 515 985 552 iri
1008 514 1222 553 videbatur.
1284 518 1447 566 Iamque
1468 529 1535 555 cos
1555 529 1572 560 5

209 578 275 628 qui
310 577 506 628 praesidio
538 592 627 617 eum
660 580 791 616 locum
826 580 1014 617 tenebant
1054 580 1257 618 tormentis
1291 594 1337 618 ex
1371 580 1536 619 navibus

209 642 435 692 sagittisque
459 644 661 692 depulerat
686 651 803 692 atque
827 643 867 680 in
895 643 1086 693 oppidum
1114 645 1313 694 redegerat
1338 652 1375 683 et
1402 646 1537 683 cohor-

208 707 305 745 tium
336 707 451 745 trium
486 707 606 745 instar
634 707 673 744 in
705 715 843 745 terram
878 716 1246 757 exposuerat—non
1279 708 1384 747 enim
1415 708 1536 759 pluris

208 771 420 810 consistere
446 771 648 821 angustiae
675 771 749 809 loci
778 772 1079 821 patiebantur—
1094 788 1103 820 3
1133 773 1304 822 reliquae
1332 773 1468 823 copiae
1496 773 1535 810 in

168 852 187 881 4
209 836 373 874 navibus
394 836 603 874 stationem
628 836 871 874 obtinebant.
933 837 1025 884 Quo
1052 838 1155 875 facto
1182 837 1345 887 imperat
1373 846 1534 888 pontem
1560 852 1594 873 10

207 901 392 939 adversus
432 902 586 938 hostem
625 900 850 950 praevallari
889 909 937 946 ct,
972 914 1049 950 qua
1087 901 1211 939 exitus
1251 902 1415 940 navibus
1454 910 1534 940 erat

208 964 355 1003 fornice
385 972 590 1011 exstructo,
615 978 694 1014 quo
724 978 825 1014 pons
855 964 1128 1011 sustinebatur,
1159 965 1356 1015 lapidibus
1386 966 1535 1016 oppleri

168 1043 185 1073 ,ς
207 1037 325 1079 atque
373 1029 533 1068 obstrui.
613 1030 793 1078 Quorum
840 1031 962 1068 altero
1001 1044 1118 1080 opere
1157 1031 1306 1077 effecto,
1349 1038 1390 1068 ut
1428 1033 1535 1069 nulla

207 1094 371 1133 omnino
401 1096 547 1144 scapha
575 1093 705 1144 egredi
740 1102 883 1144 posset,
916 1096 1036 1133 altero
1070 1094 1248 1133 instituto
1280 1108 1418 1134 omnes
1445 1097 1535 1134 Ale—

206 1159 485 1198 xandrinorum
507 1159 644 1209 copiae
671 1173 717 1197 ex
738 1159 887 1209 oppido
912 1173 952 1197 se
979 1159 1176 1197 eiecerunt
1197 1167 1235 1198 et
1255 1168 1390 1198 contra
1411 1160 1535 1198 muni-
1556 1174 1592 1205 15

206 1222 332 1262 tiones
365 1223 496 1273 pontis
526 1223 660 1261 latiore
691 1225 779 1262 loco
809 1223 1077 1269 constiterunt,
1107 1225 1328 1273 eodemque
1358 1232 1534 1274 tempore

206 1300 307 1337 quae
338 1296 622 1326 consueverant
655 1288 808 1337 navigia
842 1302 910 1337 per
944 1288 1074 1337 pontis
1106 1289 1156 1326 ad
1188 1288 1372 1327 incendia
1402 1303 1535 1328 onera-

167 1360 186 1391 6
206 1352 348 1390 riarum
383 1352 559 1391 emittere
590 1354 640 1390 ad
677 1354 821 1390 molem
861 1352 1158 1391 constituerunt.
1228 1354 1479 1403 Pugnabatur
1511 1367 1535 1392 a

206 1417 320 1455 nobis
342 1431 387 1456 ex
408 1425 538 1467 ponte,
556 1431 601 1455 ex
624 1419 726 1455 mole
745 1432 751 1459 ;
781 1418 831 1455 ab
852 1417 925 1455 illis
947 1431 992 1455 ex
1013 1431 1110 1459 area,
1127 1431 1228 1467 quae
1248 1426 1329 1456 erat
1349 1420 1534 1457 adversus

205 1489 378 1532 pontem,
403 1489 440 1520 et
461 1496 506 1520 ex
528 1481 693 1520 navibus
716 1489 851 1520 contra
873 1483 1028 1520 molem.
1556 1492 1594 1514 20

132 1552 186 1580 20
252 1548 299 1584 In
314 1546 374 1584 his
390 1547 506 1584 rebus
523 1554 716 1596 occupato
731 1548 897 1585 Caesare
912 1546 1133 1596 militesque
1147 1548 1326 1586 hortante
1343 1547 1532 1597 remigum

206 1624 370 1661 magnus
391 1624 576 1649 numerus
601 1618 638 1649 et
663 1610 946 1648 classiariorum
975 1624 1020 1648 ex
1047 1611 1172 1661 longis
1200 1611 1365 1650 navibus
1392 1612 1534 1651 nostris

173 1691 187 1712 2
206 1675 245 1713 in
268 1677 411 1714 molem
434 1689 474 1714 se
495 1675 618 1714 eiecit.
680 1678 771 1713 Pars
793 1689 927 1714 eorum
951 1675 1082 1714 studio
1103 1676 1306 1726 spectandi
1327 1677 1530 1722 ferebatur,

205 1754 293 1791 pars
309 1740 425 1779 etiam
443 1740 657 1790 cupiditate
674 1739 886 1790 pugnandi.
935 1740 989 1777 Hi
1007 1740 1175 1789 primum
1193 1741 1344 1790 navigia
1360 1741 1531 1779 hostium

205 1805 401 1854 lapidibus
425 1818 469 1842 ac
497 1804 628 1842 fundis
649 1818 670 1842 a
693 1806 795 1842 mole
823 1806 1064 1854 repellebant
1084 1818 1129 1842 ac
1151 1807 1317 1842 multum
1345 1806 1532 1855 proficere
1553 1817 1591 1849 25

169 1882 185 1910 3
206 1868 456 1907 multitudine
484 1870 649 1907 telorum
671 1869 914 1907 videbantur.
975 1871 1053 1908 Sed
1081 1878 1289 1919 postquam
1317 1871 1416 1908 ultra
1442 1883 1531 1908 eum

204 1935 335 1972 locum
356 1934 406 1971 ab
433 1935 550 1971 latere
578 1947 712 1972 eorum
740 1942 875 1983 aperto
904 1934 987 1972 ausi
1016 1942 1105 1972 sunt
1132 1934 1263 1984 egredi
1292 1948 1339 1972 ex
1367 1934 1532 1972 navibus

204 1997 457 2036 Alexandrini
489 1998 613 2047 pauci,
647 2006 688 2036 ut
719 1998 802 2036 sine
832 1998 951 2048 signis
981 1999 1174 2048 certisque
1204 1998 1418 2044 ordinibus,
1449 1998 1532 2036 sine

203 2062 352 2100 ratione
379 2062 614 2112 prodierant,
640 2063 694 2101 sic
725 2071 870 2102 temere
897 2063 936 2100 in
967 2063 1076 2101 navis
1104 2064 1276 2113 refugere
1303 2070 1527 2112 coeperunt.

165 2144 182 2172 4
205 2127 383 2175 Quorum
406 2129 495 2177 fuga
515 2128 662 2166 incitati
686 2127 939 2166 Alexandrini
961 2129 1089 2177 plures
1110 2141 1155 2165 ex
1176 2127 1341 2165 navibus
1362 2127 1529 2177 egredie-
1549 2140 1591 2170 30

204 2193 345 2230 bantur
365 2201 599 2242 nostrosque
620 2193 745 2230 acrius
767 2193 1012 2242 perturbatos
1033 2192 1349 2242 insequebantur.
1407 2192 1530 2230 Simul

245 2305 265 2325 2
289 2296 448 2326 artiorem
477 2295 664 2325 Viellzaher:
697 2295 873 2325 certiorem
894 2295 941 2323 D'
957 2295 1010 2324 T‘:
1045 2295 1215 2325 fortiorem
1241 2295 1304 2325 L':
1339 2295 1529 2326 citeriorem

202 2339 390 2379 Stephanus
483 2350 501 2377 4
526 2339 613 2377 quod
625 2349 688 2369 om.
707 2338 794 2368 D'T'
861 2337 1026 2376 hisqueE
1120 2348 1139 2377 5
1164 2337 1329 2368 sublaturi
1343 2338 1375 2368 E
1438 2339 1528 2369 vide-

202 2383 325 2412 bantur
337 2381 442 2412 D'T':
466 2382 602 2412 videbat
616 2381 749 2421 Bentley
844 2381 882 2410 18
903 2381 1206 2420 Pugnabatur—24
1226 2384 1241 2417 ξ
1257 2392 1276 2411 2
1293 2387 1329 2412 ut
1345 2382 1386 2411 ad
1404 2392 1467 2412 om.
1484 2382 1530 2411 D'

203 2436 244 2465 29
261 2425 441 2465 profugere
452 2425 498 2455 V:
517 2425 633 2464 fugere
646 2424 689 2454 T:
715 2435 778 2455 om.
794 2424 820 2453 L
877 2424 1116 2463 receperuntL
1185 2434 1223 2462 31
1242 2425 1483 2463 perturbantes
1495 2424 1530 2454 T'
