1705 2729
604 168 838 206 INCERTI
871 168 1152 205 AVCTORIS

148 272 194 309 16
271 277 437 316 Minime
466 286 598 316 autem
625 290 693 327 par
722 285 802 315 erat
831 277 950 327 proeli
982 285 1190 315 certamen.
1252 277 1404 316 Nostris
1433 278 1538 316 enirn

214 341 335 390 pulsis
378 354 507 390 neque
546 349 643 379 terra
682 354 811 390 neque
850 341 945 379 mari
986 341 1172 391 effugium
1211 342 1378 380 dabatur
1415 341 1536 388 victis,

214 405 426 455 omniaque
458 405 669 444 victoribus
703 413 812 444 erant
846 407 973 444 futura
1007 406 1045 443 in
1079 406 1227 444 incerto
1244 420 1254 453 3
1296 419 1377 444 cum
1409 405 1473 452 illi,
1509 405 1540 443 si

214 477 461 519 superassent
490 469 665 515 navibus,
695 469 828 508 omnia
857 477 1045 516 tenerent,
1076 470 1107 507 si
1137 469 1336 508 inferiores
1365 469 1538 516 fuissent,

178 550 192 570 2
214 533 402 582 reliquam
424 541 555 572 tamen
576 535 771 571 fortunam
793 533 1110 583 periclitarentur.
1170 533 1294 572 Simul
1315 533 1412 573 illud
1427 547 1540 584 grave
1561 544 1579 575 5

213 610 259 635 ac
288 597 472 636 miserum
506 597 721 644 videbatur,
754 611 971 648 perpaucos
1001 599 1051 636 de
1080 611 1235 636 summa
1260 611 1388 636 rerum
1416 611 1462 636 ac
1491 599 1542 637 de

213 663 337 700 salute
368 661 545 700 omnium
577 663 775 700 decertare
791 676 802 709 3
844 675 1012 711 quorum
1047 661 1078 699 si
1110 661 1177 711 qui
1210 669 1278 700 aut
1307 662 1442 700 animo
1474 669 1541 700 aut

214 725 353 764 virtute
374 726 563 772 cessisset,
587 725 745 776 reliquis
766 726 883 764 etiam
912 734 1014 764 esset
1043 727 1276 771 cavendum,
1300 726 1444 775 quibus
1470 728 1547 776 pro'

176 807 193 836 3
213 804 254 830 se
284 790 485 840 pugnandi
514 791 677 828 facultas
708 803 788 828 non
819 790 964 828 fuisset.
1026 790 1139 828 Haec
1169 789 1434 840 superioribus
1463 789 1541 828 die-

213 855 286 892 bus
318 867 600 904 saepenumero
632 855 776 893 Caesar
813 854 892 892 suis
930 862 1171 903 exposuerat,
1212 862 1254 892 ut
1286 856 1361 892 hoc
1395 853 1541 892 maiore
1563 869 1602 890 10

212 918 346 956 animo
375 920 670 965 contenderent,
700 919 809 968 quod
838 918 1016 957 omnium
1047 920 1212 957 salutem
1241 918 1315 956 sibi
1344 931 1542 956 commen-

173 998 194 1028 4
214 984 346 1021 datam
389 982 576 1021 viderent.
637 983 788 1021 Eadem
829 996 943 1020 suum
991 982 1158 1032 quisque
1206 983 1538 1028 contubernalem,

213 1047 396 1094 amicum,
420 1054 558 1086 notum
579 1060 821 1097 prosequens
848 1054 929 1085 erat
958 1047 1186 1094 obtestatus,
1209 1060 1259 1085 ne
1286 1060 1397 1085 suam
1423 1054 1542 1095 atque

214 1111 392 1150 omnium
426 1112 573 1149 falleret
604 1110 844 1161 opinionem,
885 1124 1054 1161 quorum
1092 1110 1239 1150 iudicio
1277 1113 1453 1150 delectus
1490 1111 1541 1149 ad

175 1188 192 1219 5
214 1189 386 1226 pugnam
407 1175 725 1225 proficisceretur.
787 1177 926 1225 Itaque
953 1177 1029 1214 hoc
1053 1175 1186 1214 animo
1207 1182 1264 1214 est
1284 1176 1537 1222 decertatum,
1563 1191 1599 1223 15

214 1246 256 1278 ut
276 1253 405 1290 neque
426 1239 628 1278 maritimis
642 1239 888 1289 nauticisque
904 1239 1074 1278 sollertia
1088 1247 1206 1290 atque
1222 1253 1281 1278 ars
1302 1239 1540 1289 praesidium

214 1305 338 1351 ferret,
369 1317 498 1354 neque
523 1317 687 1342 numero
714 1304 872 1342 navium
901 1304 1188 1354 praestantibus
1216 1304 1428 1342 multitudo
1457 1317 1542 1354 pro-

214 1369 355 1414 desset,
391 1381 519 1418 neque
553 1368 665 1406 electi
697 1370 748 1406 ad
779 1368 959 1406 virtutem
995 1382 1016 1406 e
1047 1376 1155 1406 tanta
1187 1368 1439 1407 multitudine
1471 1368 1540 1406 viri

175 1439 194 1470 6
215 1432 345 1470 virtuti
372 1440 594 1470 nostrorum
622 1440 782 1482 possent
809 1433 1039 1482 adaequare.
1100 1432 1263 1483 Capitur
1286 1434 1362 1471 hoc
1392 1432 1542 1482 proelio

215 1495 508 1546 quinqueremis
524 1509 602 1534 una
618 1503 655 1534 et
672 1495 830 1534 biremis
844 1510 934 1534 cum
949 1497 1220 1536 defensoribus
1237 1497 1538 1547 remigibusque,
1563 1508 1602 1531 20

177 1574 193 1606 7
213 1568 251 1598 et
272 1560 543 1610 deprimuntur
557 1568 642 1606 tres,
662 1560 802 1599 nostris
815 1560 1079 1599 incolumibus
1093 1561 1289 1600 omnibus.
1349 1561 1542 1611 Reliquae

213 1624 475 1674 propinquam
497 1626 628 1674 fugam
648 1626 699 1663 ad
721 1624 912 1674 oppidum
939 1625 1099 1675 capiunt
1116 1640 1126 1673 3
1165 1639 1262 1675 quas
1289 1633 1541 1676 protexerunt

213 1702 259 1726 ex
289 1689 458 1728 molibus
488 1697 605 1739 atque
634 1689 822 1728 aedificiis
854 1688 1151 1729 imminentibus
1180 1697 1218 1728 et
1250 1697 1404 1729 nostros
1433 1690 1541 1729 adire

213 1753 373 1802 propius
403 1753 697 1803 prohibuerunt.

151 1819 191 1858 17
269 1819 360 1856 Hoc
382 1831 431 1856 ne
452 1817 525 1856 sibi
546 1818 700 1867 saepius
721 1818 899 1856 accidere
925 1825 1067 1868 posset,
1097 1818 1205 1857 omni
1226 1818 1376 1857 ratione
1397 1820 1542 1858 Caesar
1562 1830 1600 1861 25

213 1882 535 1920 contendendum
557 1882 790 1920 existimavit
810 1890 853 1920 ut
868 1882 1035 1920 insulam
1058 1884 1282 1932 molemque
1302 1884 1353 1921 ad
1373 1882 1540 1921 insulam

178 1959 192 1979 2
214 1945 473 1995 pertinentem
502 1946 540 1983 in
566 1959 676 1984 suam
704 1946 894 1996 redigeret
924 1954 1169 1996 potestatem.
1230 1947 1414 1985 Perfectis
1435 1947 1540 1985 enim

215 2023 355 2060 magna
375 2024 420 2048 ex
441 2017 548 2060 parte
570 2010 854 2048 munitionibus
875 2010 915 2048 in
937 2011 1085 2060 oppido
1098 2019 1136 2049 et
1156 2010 1323 2048 insulam
1345 2018 1383 2048 et
1402 2011 1539 2049 urbem

178 2090 195 2120 3
214 2088 294 2112 uno
315 2082 490 2124 tempore
505 2074 685 2124 temptari
702 2087 817 2124 posse
833 2075 1069 2113 confidebat.
1130 2076 1223 2123 Quo
1239 2082 1355 2124 capto
1375 2074 1540 2113 consilio

214 2138 386 2177 cohortis
416 2151 442 2175 Χ
473 2146 510 2176 et
540 2138 634 2177 levis
664 2146 881 2177 armaturae
911 2140 1066 2185 electos,
1099 2152 1270 2188 quosque
1298 2139 1464 2178 idoneos
1493 2151 1540 2176 ex
1560 2152 1599 2183 30

256 2252 276 2280 3
300 2252 375 2272 cum
404 2241 477 2272 add.
510 2241 623 2272 Clark-e
849 2243 870 2272 6
892 2252 1079 2281 perpaucos
1102 2252 1140 2272 ac
1165 2243 1206 2272 de
1230 2252 1359 2272 summa
1383 2240 1490 2272 salute
1515 2241 1545 2272 T

214 2295 325 2315 rerum
352 2287 387 2315 δ;
423 2295 486 2316 om.
518 2284 556 2314 X
645 2286 665 2315 8
689 2286 877 2316 cadendum
894 2285 1025 2315 Aldus:
1051 2286 1237 2316 cedendum
1254 2284 1411 2315 Bossetus
1502 2286 1540 2316 18

213 2328 311 2358 electi
330 2328 532 2358 Cz‘accom'us:
571 2328 659 2358 flecti
678 2328 713 2358 X
843 2339 880 2358 21
908 2338 950 2358 ex
973 2329 1099 2359 nostris
1120 2328 1151 2357 V
1279 2329 1321 2359 28
1346 2327 1488 2358 insulan-1
1505 2332 1539 2357 et

212 2371 329 2401 Iurin:
357 2371 412 2401 illa
438 2371 470 2401 in
496 2371 549 2400 E:
585 2371 639 2402 illa
665 2371 698 2401 in
723 2375 786 2402 cett.
893 2372 976 2402 urbe
1003 2372 1041 2401 L'
1173 2381 1215 2410 29
1239 2376 1391 2410 tempore
1415 2381 1480 2402 om.
1515 2369 1545 2400 T

214 2424 255 2452 30
278 2424 428 2453 quosque
451 2414 599 2454 Lipsius:
626 2424 710 2453 quos
727 2414 764 2444 X
