1705 2729
513 115 587 151 DE
618 113 798 151 BELLO
828 113 1005 151 CIVILI
1038 114 1139 150 LIB.
1174 114 1214 149 ΙΙ

199 223 355 274 cognita
392 230 524 262 tantus
556 224 684 261 luctus
721 222 873 271 excepit
907 229 949 259 ut
983 222 1074 259 urbs
1107 222 1158 259 ab
1192 220 1370 259 hostibus
1410 229 1522 271 capta

198 291 340 328 eodem
360 287 522 337 vestigio
545 287 749 325 videretur.
812 285 1076 324 Massilienses
1101 293 1232 323 tamen
1257 285 1379 323 nihilo
1404 286 1522 324 setius
1543 301 1561 329 4

197 356 248 392 ad
268 353 538 392 defensionem
558 351 664 390 urbis
685 351 834 400 reliqua
852 363 1038 400 apparare
1059 357 1282 399 coeperunt.

252 420 323 456 Est
359 417 673 455 animadversum
711 416 761 453 ab
800 414 1019 464 legionariis
1057 414 1125 463 qui
1163 415 1337 452 dextram
1372 421 1521 464 partem
1542 415 1565 452 8

160 498 176 529 5
198 482 324 532 operis
344 480 668 520 administrabant
683 493 730 518 ex
745 479 888 517 crebris
905 479 1076 517 hostium
1094 478 1362 528 eruptionibus
1380 492 1522 527 magno

198 546 271 585 sibi
298 559 381 584 esse
408 544 601 595 praesidio
627 557 754 594 posse,
784 544 815 581 si
842 543 895 581 ibi
923 556 993 592 pro
1020 544 1179 581 castello
1207 556 1252 581 ac
1277 545 1523 593 receptaculo

198 610 330 649 turrim
352 623 398 648 ex
426 611 543 647 latere
573 609 646 647 sub
676 621 789 646 muro
818 607 1010 646 fecissent.
1072 607 1203 655 Quam
1234 607 1360 657 primo
1390 609 1441 646 acl
1471 622 1524 646 re-

197 674 379 725 pentinos
412 673 589 712 incursus
620 673 810 711 humilem
842 685 1079 722 parvamque
1112 673 1297 710 fecerunt.
1359 674 1452 711 Huc
1483 686 1523 711 se
1546 688 1559 709 2

196 739 438 785 referebant;
477 737 578 784 hinc,
611 737 643 775 si
672 750 750 786 qua
779 736 902 775 maior
934 743 1177 786 oppresserat
1209 736 1276 782 vis,
1308 749 1525 786 propugna-

141 818 179 839 10
196 804 291 841 bant
305 818 315 851 5
344 802 436 840 hinc
461 803 512 840 ad
538 802 808 851 repellendum
838 808 877 839 et
906 801 1225 851 prosequendum
1257 801 1410 839 hostem
1441 814 1525 850 pro-

196 868 412 906 currebant.
473 866 636 904 Patebat
665 867 763 904 haec
794 878 957 915 quoquo
991 877 1122 903 versus
1163 865 1283 914 pedes
1322 875 1421 911 xxx,
1455 865 1524 902 sed

196 931 387 982 parietum
418 930 635 968 crassitudo
662 930 782 980 pedes
811 941 845 967 v.
920 931 1061 967 Postea
1093 941 1194 975 vero,
1233 935 1274 966 ut
1306 936 1363 966 est
1397 942 1523 966 rerum
1545 944 1562 973 3

197 995 374 1034 omnium
395 994 576 1045 magister
591 1007 693 1041 usus,
710 993 917 1032 hominum
938 993 1115 1032 adhibita
1132 992 1301 1031 sollertia
1322 992 1522 1031 inventum

197 1067 255 1098 est
288 1072 431 1109 magno
463 1071 547 1097 esse
581 1058 667 1096 usui
698 1071 824 1108 posse,
859 1057 889 1095 si
929 1058 1026 1095 haec
1059 1064 1159 1095 esset
1198 1056 1237 1094 in
1275 1056 1521 1096 altitudinem

142 1140 177 1171 15
197 1124 310 1163 turris
330 1125 439 1162 elata.
500 1124 548 1161 Id
575 1123 648 1161 hac
669 1123 818 1161 ratione
838 1123 1054 1172 perfectum
1075 1129 1142 1160 est.

251 1185 333 1225 Ubi
354 1184 466 1223 turris
486 1184 653 1223 altitudo
674 1186 862 1234 perducta
883 1191 939 1222 est
960 1185 1010 1222 ad
1038 1183 1409 1230 contabulationem,
1436 1197 1520 1222 eam
1541 1194 1566 1230 9

197 1249 236 1287 in
275 1249 439 1299 parietes
479 1248 741 1287 instruxerunt
781 1248 833 1286 ita
868 1255 909 1286 ut
949 1247 1077 1298 capita
1116 1248 1308 1298 tignorum
1352 1255 1522 1286 extrema

197 1312 386 1363 parietum
417 1319 606 1350 structura
634 1319 864 1362 tegerentur,
898 1326 947 1350 ne
979 1312 1073 1362 quid
1104 1312 1291 1350 emineret
1325 1312 1391 1350 ubi
1425 1312 1523 1362 ignis

196 1377 368 1415 hostium
413 1378 718 1416 adhaeresceret.
808 1378 926 1415 Hanc
975 1377 1132 1427 insuper
1175 1376 1519 1426 contignationem,
1545 1394 1558 1414 2

139 1457 178 1478 20
197 1450 387 1492 quantum
412 1449 558 1481 tectum
587 1441 708 1492 plutei
737 1455 783 1480 ac
809 1441 1008 1480 vinearum
1045 1454 1201 1491 passum
1228 1449 1294 1488 est,
1324 1441 1523 1480 latericulo

195 1514 438 1545 astruxerunt
469 1520 665 1557 supraque
693 1520 783 1545 eum
812 1508 943 1545 locum
970 1519 998 1544 11
1022 1506 1126 1556 tigna
1147 1514 1363 1545 transversa
1385 1506 1524 1545 iniece—

196 1579 284 1610 runt
304 1585 383 1610 non
405 1574 520 1622 longe
539 1573 589 1610 ab
612 1571 791 1610 extremis
823 1570 1043 1621 parietibu8‚
1069 1571 1210 1620 quibus
1239 1572 1523 1620 suspenderent

196 1649 281 1673 eam
322 1636 655 1686 contignationem
699 1649 801 1685 quae
849 1635 940 1673 turri
981 1635 1194 1685 tegimento
1237 1643 1338 1673 esset
1383 1637 1519 1683 futura,

195 1714 390 1751 supraque
433 1715 478 1740 ea
514 1702 618 1751 tigna
657 1702 816 1739 derecto
862 1707 1096 1738 transversas
1139 1700 1266 1737 trabes
1307 1699 1522 1739 iniecerunt

140 1780 176 1811 25
196 1778 340 1815 easque
369 1765 504 1804 axibus
541 1766 806 1816 religaverunt.
888 1766 972 1802 Has
1013 1764 1140 1802 trabes
1180 1765 1296 1813 paulo
1328 1764 1522 1813 longiores
1543 1783 1559 1812 3

194 1837 312 1879 atque
339 1829 614 1869 eminentiores
640 1843 758 1880 quam
786 1830 946 1869 extremi
977 1828 1142 1879 parietes
1169 1835 1278 1866 erant
1298 1829 1519 1876 effecerunt,

195 1901 236 1932 ut
257 1902 357 1932 esset
378 1894 445 1932 ubi
466 1895 678 1944 tegimenta
699 1896 964 1945 praependere
986 1902 1147 1945 possent
1173 1894 1223 1931 ad
1250 1894 1522 1946 defendendos

195 1958 293 1997 ictus
313 1972 359 1997 ac
379 1961 634 2009 repellendos,
660 1973 749 1998 cum
771 1960 870 1998 intra
891 1973 976 1999 eam
999 1958 1333 2010 contignationem
1352 1958 1521 2008 parietes

195 2030 480 2062 exstruerentur
494 2039 503 2071 3
544 2037 710 2073 eamque
735 2024 1096 2063 contabulationem
1120 2036 1314 2062 summam
1338 2022 1520 2061 lateribus
1539 2041 1558 2070 4

238 2138 257 2166 3
283 2127 515 2159 defensionem
538 2129 581 2160 T:
608 2129 820 2159 defensiones
837 2133 900 2161 cett.
1027 2131 1047 2160 6
1072 2129 1115 2160 ibi
1139 2129 1193 2159 T‘:
1220 2140 1282 2160 om.
1303 2133 1368 2160 cett.
1484 2138 1517 2158 11

195 2181 328 2210 quoquo
352 2171 414 2201 D':
455 2182 557 2211 quoq;
583 2172 641 2202 L':
679 2183 779 2211 quaq;
804 2172 871 2203 L²:
904 2183 968 2203 om.
993 2172 1028 2203 T‘
1174 2174 1212 2203 16
1238 2173 1303 2202 Ubi
1325 2171 1521 2210 Ondemlwp

198 2213 257 2243 (U'
274 2218 346 2243 teste
370 2214 527 2249 Kz't'hlersst
562 2215 603 2245 ibi
629 2214 666 2244 X
687 2219 759 2245 teste
783 2215 910 2245 Holder
1099 2216 1421 2254 contabulationem,
1447 2225 1519 2245 eam

196 2256 326 2286 Aldus:
353 2258 635 2288 contabulationis
652 2268 749 2288 causa
766 2257 803 2287 X
954 2269 990 2288 21
1020 2268 1043 2288 11
1061 2258 1190 2289 DU'T:
1217 2260 1283 2289 duo
1302 2258 1383 2289 EV:
1408 2269 1471 2289 om.
1492 2257 1518 2286 L

197 2309 237 2329 22
262 2309 329 2329 non
348 2299 411 2329 [ι’-’ς
438 2305 473 2330 ut
491 2311 558 2331 non
576 2300 613 2330 X
741 2312 779 2340 24
807 2301 943 2332 derecto
962 2301 1056 2332 D‘T:
1092 2303 1228 2332 derecta
1248 2302 1307 2332 U':
1343 2303 1472 2332 directo
1493 2300 1518 2329 L

197 2352 237 2379 25
263 2352 386 2381 easque
404 2343 468 2375 cod.
489 2344 591 2375 Cztt'ac.
610 2356 615 2373 z
643 2355 749 2383 eaque
767 2343 803 2373 X
919 2346 960 2374 28
985 2345 1070 2375 intra
1087 2355 1160 2376 eam
1183 2344 1405 2376 Vascosantts:
1434 2346 1520 2375 inter

198 2386 238 2414 εῖί
256 2384 318 2414 D':
345 2387 472 2416 interea
490 2389 531 2421 B:
558 2388 645 2417 intra
663 2387 728 2417 L2:
754 2388 837 2417 infra
855 2397 926 2417 earn
945 2387 1090 2418 Eussner
