1705 2729
620 129 664 168 C.
699 129 813 166 IVLI
846 128 1114 167 CAESARIS

193 239 243 276 ad
274 238 516 288 repentinam
549 237 883 287 oppugnationem
914 237 995 275 fieri
1027 244 1065 274 ct
1095 236 1208 274 cratis
1240 236 1361 286 parari
1393 235 1513 275 iussit.

155 311 173 341 6
196 301 351 350 Quibus
390 303 504 340 rebus
543 300 690 340 effectis
728 302 954 339 cohortatus
986 300 1126 338 milites
1158 300 1293 339 docuit
1325 308 1516 350 quantum

194 378 308 403 usum
347 366 508 404 haberet
545 366 596 403 ad
634 365 915 404 sublevandam
961 364 1139 403 omnium
1177 378 1304 403 rerum
1343 364 1516 415 inopiam

194 428 308 478 potiri
335 429 482 479 oppido
512 431 630 478 pleno
658 436 776 478 atque
805 431 1006 479 opulento,
1028 429 1143 467 simul
1172 428 1329 478 reliquis
1359 428 1517 467 civitati-

195 493 267 531 bus
297 493 412 531 huius
441 493 547 531 urbis
577 495 756 542 exemplo
785 493 925 532 inferre
958 501 1143 532 terrorem
1173 500 1211 531 et
1240 493 1281 532 id
1310 493 1391 532 fieri
1420 495 1517 532 cele·
1536 502 1553 533 5

158 556 283 604 7riter
311 556 415 606 prius
444 570 562 607 quam
592 557 732 595 auxilia
761 565 1045 596 concurrerent.
1107 559 1246 607 Itaque
1270 570 1362 596 usus
1391 557 1517 607 singu-

194 621 261 659 lari
301 621 467 660 militum
506 621 636 660 studio
675 622 816 660 eodem
850 635 930 671 quo
961 628 1119 660 venerat
1152 621 1216 660 die
1255 629 1342 671 post
1380 623 1517 660 horam

193 699 339 724 nonam
374 685 563 737 oppidum
597 685 792 725 altissimis
823 686 1030 725 moenibus
1062 699 1288 736 oppugnare
1316 699 1517 736 aggressus

192 757 284 788 ante
310 750 401 788 solis
428 764 612 789 occasum
639 750 873 800 expugnavit
902 757 940 788 et
962 751 1013 788 ad
1037 750 1301 800 diripiendum
1329 750 1517 789 militibus

193 814 387 853 concessit
417 814 627 863 statimque
655 815 706 853 ab
735 814 884 864 oppido
913 822 1037 853 castra
1061 814 1182 854 movit
1202 822 1239 853 et
1261 815 1516 865 Metropolim
1539 829 1577 851 10

193 878 298 917 venit
336 878 391 917 sic
424 885 466 917 ut
504 878 662 917 nuntios
696 878 904 928 expugnati
942 878 1079 929 oppidi
1112 880 1336 929 famamque
1365 887 1518 918 antece-

194 944 312 981 deret.

92 996 97 1001 ,
130 1009 173 1046 81
250 1008 525 1058 Metropolitae
549 1008 717 1058 primum
748 1009 890 1047 eodem
916 1008 976 1046 usi
1000 1007 1176 1055 consilio,
1198 1007 1324 1047 isdem
1352 1008 1517 1059 permoti

193 1072 412 1111 rumoribus
447 1080 576 1123 portas
610 1074 831 1111 clauserunt
865 1086 1077 1122 murosque
1109 1072 1267 1111 armatis
1301 1074 1518 1123 compleve-

193 1144 293 1183 runt,
334 1138 403 1176 sed
447 1144 583 1187 postea
624 1150 716 1175 casu
763 1136 928 1175 civitatis
967 1136 1234 1186 Gomphensis
1275 1137 1433 1186 cognito
1471 1150 1518 1176 ex
1540 1151 1575 1182 15

194 1201 366 1251 captivis,
402 1215 501 1251 quos
536 1203 680 1241 Caesar
712 1202 763 1240 ad
802 1215 956 1240 murum
990 1203 1268 1251 producendos
1306 1209 1514 1248 curaverat,

160 1283 172 1304 2
195 1274 325 1316 portas
345 1274 588 1316 aperuerunt.
624 1266 779 1315 Quibus
799 1266 1095 1316 diligentissime
1114 1266 1362 1313 conservatis,
1378 1268 1519 1305 collata

194 1331 349 1369 fortuna
371 1330 668 1380 Metropolitum
695 1344 786 1369 cum
815 1344 907 1369 casu
929 1331 1245 1381 Gomphensium
1271 1332 1378 1369 nulla
1397 1332 1520 1369 Thes-

195 1394 312 1433 saliae
332 1394 403 1433 fuit
431 1394 566 1433 civitas
595 1402 745 1444 praeter
769 1394 982 1442 Larisaeos,
1008 1394 1076 1445 qui
1106 1394 1256 1444 magnis
1285 1394 1517 1434 exercitibus

195 1459 389 1510 Scipionis
419 1460 662 1506 tenebantur,
685 1459 779 1509 quin
801 1459 958 1499 Caesari
984 1467 1163 1509 parerent
1188 1467 1306 1509 atque
1330 1458 1519 1510 imperata
1539 1472 1578 1494 20

159 1541 176 1571 3
194 1525 375 1562 facerent.
436 1525 508 1562 Ille
528 1523 716 1562 idoneum
738 1526 869 1562 locum
895 1523 935 1561 in
959 1523 1058 1573 agris
1078 1530 1227 1570 nactuS,
1250 1527 1376 1573 †quae
1397 1537 1519 1573 prope

194 1588 271 1627 iam
297 1596 446 1627 matura
472 1592 614 1636 erant†‚
638 1588 692 1627 ibi
715 1590 929 1627 adventum
956 1596 1180 1639 exspectare
1201 1588 1365 1639 Pompei
1393 1601 1520 1638 eoque

195 1667 355 1692 ornnem
376 1653 467 1692 belli
488 1653 678 1692 rationem
700 1655 874 1692 conferre
893 1653 1105 1692 constituit.

125 1713 177 1751 82
251 1717 462 1768 Pompeius
500 1718 634 1767 paucis
672 1725 761 1768 post
803 1718 942 1756 diebus
983 1718 1023 1755 in
1061 1717 1306 1756 Thessaliam
1344 1716 1519 1767 pervenit

196 1782 523 1832 contionatusque
553 1784 660 1832 apud
690 1790 877 1821 cunctum
908 1782 1119 1821 exercitum
1149 1782 1227 1821 suis
1257 1782 1336 1832 agit
1365 1782 1516 1832 gratias,
1540 1794 1577 1827 ²5

196 1846 389 1896 Scipionis
418 1847 558 1886 milites
590 1848 824 1894 cohortatur,
847 1854 890 1885 ut
920 1854 1028 1896 parta
1057 1847 1134 1884 iam
1164 1846 1324 1884 victoria
1352 1847 1520 1896 praedae

195 1925 241 1950 ac
270 1912 530 1962 praemiorum
556 1912 676 1950 velint
705 1925 790 1951 esse
816 1911 1032 1961 participes,
1062 1911 1307 1961 receptisque
1335 1910 1520 1949 omnibus

196 1975 235 2013 in
263 1989 341 2014 una
363 1983 487 2014 castra
516 1975 735 2026 legionibus
759 1989 874 2014 suum
900 1989 991 2013 curn
1012 1974 1196 2024 Scipione
1222 1976 1413 2013 honorem
1439 1988 1521 2024 par-

197 2039 287 2077 titur
320 2039 605 2090 classicumque
643 2041 748 2090 apud
787 2052 877 2077 eum
916 2038 1004 2077 cani
1042 2045 1080 2077 et
1117 2040 1281 2076 alterum
1320 2037 1373 2075 illi
1412 2037 1520 2076 iubet

159 2125 173 2145 2
196 2103 431 2154 praetorium
453 2103 571 2142 tendi.
630 2103 767 2142 Auctis
789 2102 911 2152 copiis
929 2101 1093 2152 Pompei
1113 2103 1348 2151 duobusque
1370 2102 1520 2152 magnis
1539 2117 1579 2148 30

196 2167 426 2207 exercitibus
457 2168 676 2207 coniunctis
703 2167 863 2219 pristina
892 2166 1070 2206 omnium
1100 2167 1352 2205 confirmatur
1385 2166 1520 2216 opinio

244 2280 280 2310 15
306 2271 534 2310 Gomphensis
557 2271 759 2302 ciacconius:
791 2270 987 2310 compren(s
1001 2269 1077 2301 U'T
1097 2270 1142 2300 sis
1160 2268 1288 2300 DL'T:
1321 2279 1473 2308 compsse
1495 2268 1528 2298 V

197 2325 234 2345 21
262 2325 346 2353 quae
366 2313 503 2344 D'U‘T:
524 2325 588 2353 que
607 2315 653 2346 F:
679 2325 745 2353 quo
760 2316 797 2355 st)
816 2313 844 2343 L
861 2327 868 2344 z
892 2315 933 2344 ad
950 2314 1193 2344 frumentorum
1211 2317 1417 2344 commeatus
1432 2323 1519 2352 quae

197 2357 367 2388 Buecheler
495 2369 561 2396 quo
578 2382 584 2389 .
607 2382 612 2387 .
631 2380 637 2389 ⁴
659 2363 757 2388 erant
775 2358 939 2388 frumenta
956 2356 1074 2387 Dintet·
