1705 2729
594 75 638 114 C.
673 76 787 113 IVLI
820 76 1089 115 CAESARIS

140 189 421 239 3equestribus
464 188 618 238 proeliis
662 189 965 227 contendebant.
1039 191 1132 228 Huc
1175 203 1262 228 cum
1307 191 1505 231 cotidiana

175 254 461 293 consuetudine
477 267 652 304 egressae
672 255 967 305 pabulatoribus
987 255 1182 305 praesidio
1198 257 1378 307 propiore
1388 264 1506 308 ponte

175 319 348 369 legiones
372 318 567 357 Fabianae
591 320 694 357 duae
718 320 865 357 flumen
891 319 1118 358 transissent
1143 319 1505 372 impedimentaque

175 391 213 422 et
233 383 361 422 omnis
391 383 587 433 equitatus
614 391 851 433 sequeretur,
879 383 1010 422 subito
1031 384 1067 422 vi
1088 392 1292 424 ventorum
1318 393 1356 425 et
1380 399 1505 436 aquae

175 447 444 498 magnitudine
467 461 567 497 pons
589 455 646 486 est
673 447 910 498 interruptus
931 455 969 486 et
995 448 1144 498 reliqua
1170 450 1380 490 multitudo
1401 451 1506 501 equi·
1525 461 1542 491 5

135 530 155 559 4
174 520 257 551 tum
278 512 496 550 interclusa.
559 513 651 561 Quo
668 512 826 562 cognito
846 526 869 550 a
890 512 1044 551 Petreio
1061 520 1099 551 et
1119 513 1281 552 Afranio
1302 527 1348 552 ex
1367 528 1505 565 aggere

173 585 291 627 atque
318 576 488 615 cratibus
513 590 614 627 quae
641 577 803 616 flumine
830 578 1064 624 ferebantur,
1087 578 1262 617 celeriter
1283 592 1354 618 suo
1383 587 1505 629 ponte

174 641 369 688 Afranius,
412 655 529 691 quem
569 641 718 692 oppido
757 641 970 692 castrisque
1018 642 1274 681 coniunctum
1319 644 1502 691 habebat,

175 707 348 757 legiones
370 719 432 744 1111
451 706 748 757 equitatumque
764 720 924 745 omnem
946 707 1094 746 traiecit
1115 708 1348 757 duabusque
1371 708 1505 747 Fabia—

138 783 154 813 5
175 772 233 809 nis
255 771 421 810 occurrit
441 771 671 821 legionibus.
722 771 844 811 Cuius
865 773 1037 811 adventu
1059 772 1238 810 nuntiato
1261 774 1302 810 L.
1322 774 1502 820 Plancus,
1526 785 1564 807 10

174 836 240 886 qui
271 836 489 886 legionibus
520 843 705 886 praeerat,
735 836 952 874 necessaria
981 850 1021 875 re
1051 844 1210 874 coactus
1239 838 1371 875 locum
1401 838 1504 887 capit

173 901 412 951 superiorem
434 900 707 950 diversamque
733 901 858 939 aciem
880 900 919 938 in
949 902 1047 940 duas
1076 901 1194 951 partis
1219 901 1432 949 constituit,
1454 916 1504 941 ne

90 975 95 980 ¹
133 967 221 1004 6ab
260 965 435 1015 equitatu
474 964 744 1003 circumveniri
789 973 932 1015 posset.
993 967 1054 1003 Ita
1092 978 1323 1016 congressus
1367 965 1504 1016 impari

136 1102 151 1112 ..

137 1116 145 1135 1

103 1557 148 1594 41

171 1044 335 1069 numero
376 1043 539 1080 magnos
579 1029 748 1080 impetus
783 1030 982 1079 legionum
1017 1030 1293 1080 equitatusque
1326 1030 1500 1069 sustinet.

172 1095 396 1134 Commisso
435 1095 486 1133 ab
525 1094 722 1144 equitibus
765 1094 913 1144 proelio
953 1095 1061 1145 signa
1100 1095 1298 1145 legionum
1337 1097 1503 1134 duarum
1526 1109 1562 1141 ¹5

171 1161 306 1209 procul
336 1160 387 1197 ab
417 1158 590 1208 utrisque
618 1158 922 1208 conspiciuntur,
951 1172 1047 1209 quas
1076 1160 1119 1199 C.
1149 1159 1292 1198 Fabius
1321 1160 1503 1199 ulteriore

171 1231 291 1274 ponte
330 1223 506 1262 subsidio
545 1222 685 1261 nostris
731 1223 886 1261 miserat
925 1223 1143 1273 suspicatus
1188 1226 1268 1263 sore
1312 1223 1352 1263 id
1395 1226 1503 1274 quod

170 1288 323 1334 accidit,
368 1295 409 1326 ut
456 1289 576 1326 duces
621 1287 931 1326 adversariorum
974 1288 1183 1326 occasione
1226 1296 1264 1327 et
1309 1289 1502 1327 beneficio

170 1355 348 1392 fortunae
382 1354 432 1391 ad
463 1361 616 1390 nostros
649 1351 930 1402 opprimendos
961 1360 1170 1391 uterentur.
1232 1353 1408 1401 Quarum
1438 1355 1503 1392 ad-

170 1425 287 1456 ventu
310 1416 500 1467 proelium
522 1416 714 1455 dirimitur
734 1430 779 1455 ac
800 1429 888 1454 suas
909 1424 1073 1466 uterque
1095 1416 1266 1467 legiones
1288 1418 1438 1456 reducit
1462 1417 1501 1456 in
1523 1428 1562 1450 20

170 1490 304 1521 castra.

224 1549 285 1586 Eo
307 1546 428 1586 biduo
446 1548 590 1586 Caesar
606 1560 696 1585 cum
713 1546 910 1597 equitibus
931 1558 1072 1594 DCCCC,
1095 1560 1193 1597 quos
1214 1546 1287 1586 sibi
1308 1546 1503 1597 praesidio

169 1612 385 1662 reliquerat,
415 1612 454 1650 in
482 1619 607 1650 castra
636 1611 821 1662 pervenit.
884 1613 990 1650 Pons
1020 1612 1087 1662 qui
1116 1613 1240 1650 fuerat
1269 1619 1502 1662 tempestate

169 1678 406 1727 interruptus
436 1690 561 1726 paene
591 1685 670 1715 erat
701 1678 893 1725 refectus3
926 1678 1032 1715 hunc
1061 1684 1181 1715 noctu
1215 1676 1348 1727 perfici
1378 1677 1498 1715 iussit.

171 1744 262 1793 Ipse
292 1741 448 1792 cognita
476 1743 653 1780 locorum
679 1749 816 1780 natura
839 1742 948 1792 ponti
976 1741 1190 1791 castrisque
1213 1741 1407 1792 praesidio
1435 1755 1501 1780 sex
1521 1751 1560 1783 ²5

169 1806 340 1845 cohortis
370 1806 552 1856 relinquit
575 1814 693 1856 atque
720 1806 853 1844 omnia
880 1806 1163 1856 impedimenta
1186 1813 1225 1845 et
1253 1813 1410 1856 postero
1436 1806 1501 1845 die

168 1872 353 1910 omnibus
369 1871 491 1922 copiis
512 1871 652 1921 triplici
674 1871 862 1909 instructa
882 1870 965 1909 acie
981 1871 1031 1909 ad
1054 1871 1224 1909 Ilerdam
1245 1870 1501 1921 proficiscitur

169 1944 206 1975 et
240 1937 313 1974 sub
348 1936 481 1974 castris
513 1936 648 1974 Afrani
682 1935 856 1974 constitit
887 1943 925 1973 et
957 1935 1010 1974 ibi
1045 1935 1240 1986 paulisper
1271 1936 1345 1974 sub
1382 1936 1499 1974 armis

169 2008 341 2039 moratus
368 2000 458 2038 facit
488 2014 616 2050 aequo
645 2002 734 2039 loco
765 1999 965 2050 pugnandi
996 2007 1240 2049 potestatem.
1300 2001 1498 2038 Potestate

169 2067 269 2103 sacta
298 2065 481 2103 Afranius
512 2065 645 2114 copias
676 2064 807 2103 educit
837 2072 874 2102 et
904 2064 943 2101 in
974 2064 1106 2102 medio
1135 2064 1235 2102 colle
1264 2063 1337 2101 sub
1363 2064 1497 2102 castris
1517 2075 1558 2106 30

213 2180 232 2199 2
256 2178 415 2207 egressae
438 2168 540 2205 Jm’in
556 2179 561 2197 ι
603 2177 808 2205 congressae
840 2165 877 2195 X
1007 2166 1167 2205 propiore
1205 2170 1309 2205 ponte
1345 2166 1498 2204 legiones

170 2211 367 2252 Nipperdey:
388 2211 489 2250 pprio
508 2211 659 2249 legiones
676 2208 966 2240 D'U‘VL2Tc0m2
985 2221 992 2240 :
1029 2209 1167 2249 proprio
1186 2209 1368 2247 religiones
1385 2209 1496 2250 L'Tpr

170 2267 188 2294 4
213 2257 243 2285 vi
262 2259 439 2285 ventorum
457 2253 521 2284 cod.
541 2254 762 2284 Norm'censis:
796 2253 1019 2283 iumentorum
1040 2251 1078 2281 X
1235 2262 1256 2290 9
1280 2261 1333 2282 1111
1356 2252 1494 2284 D'L'V:

171 2309 210 2329 111
235 2299 263 2328 T
362 2308 402 2327 22
427 2297 488 2327 sibi
508 2302 535 2326 Δ
552 2308 558 2326 :
584 2297 626 2326 ibi
645 2295 682 2325 X
776 2305 816 2334 25
841 2306 902 2326 sex
920 2296 1077 2326 cohortes
1096 2306 1132 2326 r:
1158 2306 1199 2325 ex
1219 2296 1264 2337 (Sc
1281 2295 1325 2335 L)
1344 2296 1495 2328 cohortis

170 2345 192 2376 Β
209 2354 213 2371 :
240 2352 282 2372 ex
301 2341 495 2372 cohortibus
513 2339 558 2369 D'
690 2349 732 2378 29
756 2344 958 2379 potestatem
975 2349 1039 2370 om.
1059 2338 1104 2369 D'
