1705 2729
381 173 453 210 DE
486 172 663 209 BELLO
694 172 1109 209 ALEXANDRINO
1141 173 1309 209 LIBER

187 289 336 320 tantum
358 283 574 333 patiebatur
595 283 664 320 sed
685 282 800 320 etiam
823 283 998 332 cogebat,
1016 282 1053 319 in
1075 295 1229 331 gregem
1251 284 1502 332 locupletium

186 346 439 384 simultatium
463 360 579 385 causa
608 355 744 385 tenues
774 346 1051 393 coiciebantur,
1084 360 1214 396 neque
1242 349 1362 384 ullum
1383 360 1505 397 genus

186 418 368 460 quaestus
388 419 454 449 aut
475 411 604 461 magni
625 419 662 449 et
683 410 873 449 evidentis
893 418 960 448 aut
987 410 1139 448 minimi
1164 418 1201 448 et
1228 411 1374 449 sordidi
1402 425 1505 460 prae-

186 475 467 513 termittebatur
505 489 584 525 quo
622 476 763 513 domus
797 482 835 512 et
864 475 1034 512 tribunal
1068 475 1310 524 imperatoris
1341 483 1502 513 vacaret.

150 544 166 575 5
186 539 316 577 Nemo
336 547 425 586 erat,
449 539 516 589 qui
541 539 661 577 modo
680 538 852 587 aliquam
880 538 1067 576 iacturam
1093 540 1219 577 facere
1245 546 1387 588 posset,
1411 539 1505 588 quin
1527 549 1543 579 3

183 610 249 640 aut
269 602 494 640 vadimonio
514 610 709 640 teneretur
733 610 799 639 aut
827 602 866 640 in
893 615 979 640 reos
1006 603 1217 640 referretur.
1279 603 1339 640 Ita
1366 616 1506 653 magna

185 666 300 704 etiam
325 666 546 704 sollicitudo
573 666 833 716 periculorum
859 667 911 704 ad
935 666 1100 704 iacturas
1128 674 1166 705 et
1193 666 1426 706 detrimenta
1453 668 1505 706 rei

184 730 379 768 familiaris
398 730 692 780 adiungebatur.

239 794 393 843 Quibus
427 795 477 833 de
514 795 640 833 causis
674 794 818 833 accidit
852 802 905 842 ut,
938 809 1028 833 cum
1062 795 1262 845 Longinus
1297 795 1504 845 imperator
1523 805 1576 844 50

128 878 165 899 10
183 860 321 898 eadem
359 860 499 897 faceret
547 872 647 909 quae
696 861 837 898 fecerat
875 867 1069 909 quaestor,
1110 860 1251 897 similia
1288 874 1416 898 rursus
1455 861 1504 898 de

183 932 307 962 morte
345 923 426 962 eius
465 923 721 974 provinciales
759 924 922 962 consilia
960 924 1112 962 inirent.
1173 926 1329 963 Horum
1369 925 1504 963 odium
1528 939 1542 959 2

183 989 466 1026 confirmabant
500 1002 580 1026 non
618 988 715 1026 nulli
752 988 958 1026 familiares
993 989 1075 1027 eius
1115 989 1192 1038 qui,
1234 1003 1323 1027 cum
1365 989 1402 1027 in
1442 990 1505 1028 illa

183 1052 367 1090 societate
396 1060 636 1090 versarentur
662 1052 894 1102 rapinarum,
917 1052 1041 1091 nihilo
1068 1053 1196 1090 minus
1224 1054 1386 1092 oderant
1414 1068 1504 1092 eum

183 1116 291 1154 cuius
312 1116 471 1155 nomine
492 1117 719 1166 peccabant,
742 1116 895 1166 sibique
925 1118 1033 1166 quod
1064 1125 1269 1166 rapuerant
1299 1126 1503 1168 acceptum

128 1193 164 1224 15
182 1181 408 1227 referebant,
435 1182 542 1231 quod
576 1181 822 1220 interciderat
855 1189 921 1219 aut
952 1189 1031 1219 erat
1058 1181 1345 1231 interpellatum
1368 1182 1505 1221 Cassio

181 1244 439 1295 assignabant.
487 1244 676 1293 Quintam
693 1245 886 1295 legionem
903 1258 1045 1283 novam
1062 1246 1283 1284 conscribit.
1330 1248 1505 1296 Augetur
1528 1257 1544 1287 3

182 1309 316 1348 odium
337 1317 375 1348 et
395 1324 441 1348 ex
461 1309 547 1360 ipso
568 1309 712 1348 dilectu
733 1317 771 1348 et
792 1318 950 1360 sumptu
970 1310 1128 1349 additae
1155 1311 1328 1361 legionis.
1389 1313 1505 1350 Com-

181 1375 334 1424 plentur
367 1374 543 1424 equitum
574 1387 620 1412 111
652 1374 757 1412 milia
788 1374 1046 1425 maximisque
1075 1383 1262 1414 ornantur
1290 1376 1503 1426 impensis:

182 1452 254 1476 nec
274 1438 496 1488 provinciae
517 1439 630 1477 datur
650 1440 728 1477 ulla
748 1439 910 1489 requies.

125 1518 164 1539 20
236 1502 397 1541 Interim
431 1503 575 1541 litteras
608 1502 759 1552 accepit
789 1516 812 1540 a
844 1503 1021 1550 Caesare,
1051 1511 1092 1542 ut
1124 1503 1163 1541 in
1197 1504 1370 1543 Africam
1403 1520 1504 1544 exer·
1525 1518 1567 1555 51

181 1567 300 1606 citum
339 1566 514 1605 traiceret
559 1580 705 1617 perque
746 1567 1031 1605 Mauretaniam
1070 1570 1121 1606 ad
1163 1569 1250 1607 finis
1291 1570 1503 1608 Numidiae

180 1631 405 1682 perveniret,
430 1632 537 1681 quod
568 1644 708 1681 magna
736 1632 808 1669 Cn.
837 1631 1027 1681 Pompeio
1054 1633 1154 1670 Iuba
1181 1633 1336 1672 miserat
1363 1634 1503 1672 auxilia

181 1696 404 1746 maioraque
425 1696 611 1734 missurus
634 1696 936 1734 existimabatur.
998 1697 1152 1745 Quibus
1175 1697 1308 1736 litteris
1333 1699 1504 1749 acceptis
1528 1712 1541 1732 2

180 1761 361 1800 insolenti
392 1763 590 1811 voluptate
621 1761 860 1808 efferebatur,
891 1762 1000 1810 quod
1031 1760 1105 1799 sibi
1135 1774 1324 1800 novarum
1354 1763 1506 1813 provin-

124 1837 162 1869 25
180 1826 326 1865 ciarum
365 1834 403 1865 et
442 1827 664 1865 fertilissimi
712 1828 818 1878 regni
866 1834 973 1865 tanta
1013 1827 1144 1864 oblata
1182 1834 1283 1865 esset
1331 1829 1502 1866 facultas.

182 1894 320 1943 Itaque
351 1894 434 1944 ipse
464 1894 502 1931 in
534 1894 776 1933 Lusitaniam
810 1893 1067 1944 proficiscitur
1099 1892 1149 1930 ad
1181 1892 1354 1942 legiones
1384 1906 1503 1931 arces·
1525 1902 1542 1932 3

180 1960 320 1997 sendas
349 1960 568 2010 auxiliaque
599 1962 858 2007 adducenda,
893 1959 1005 1998 certis
1038 1957 1265 1996 hominibus
1295 1958 1361 1995 dat
1391 1971 1506 2007 nego-

179 2023 275 2061 tium
297 2032 338 2062 ut
359 2025 596 2063 frumentum
628 2038 825 2075 navesque
850 2037 873 2063 c
894 2031 1213 2075 praepararentur
1235 2022 1505 2072 pecuniaeque

180 2088 489 2127 describerentur
512 2097 630 2139 atque
655 2090 944 2140 imperarentur,
968 2104 1018 2128 ne
1049 2103 1126 2140 qua
1148 2103 1206 2128 res
1228 2102 1317 2126 cum
1343 2087 1504 2125 redisset

122 2163 162 2194 30
181 2160 401 2192 moraretur.
462 2154 628 2192 Reditus
662 2154 745 2192 eius
779 2154 849 2192 fuit
884 2154 1045 2193 celerior
1080 2154 1256 2193 omnium
1290 2152 1542 2203 opinionez4

228 2266 238 2284 1
267 2256 467 2295 locupletum
502 2258 529 2288 L
685 2268 704 2287 2
727 2257 943 2288 simultatium
977 2257 1136 2288 DLUT':
1178 2258 1422 2288 simultantium
1456 2257 1502 2287 F:

181 2298 401 2329 simulationis
424 2299 599 2330 Schneider
711 2311 811 2331 causa
832 2300 927 2331 DT':
958 2311 1079 2332 causae
1105 2301 1143 2330 L'
1307 2310 1325 2339 5
1350 2301 1430 2339 quin
1450 2300 1502 2330 D:

179 2342 234 2378 qui
253 2343 274 2374 Β
343 2344 455 2384 modo]
474 2343 573 2374 domo
589 2344 620 2374 E
722 2354 763 2382 23
789 2349 985 2382 maturaque
1007 2344 1100 2374 DT':
1128 2348 1324 2383 matureque
1343 2344 1374 2373 E
1463 2354 1503 2382 24

180 2383 350 2423 voluptate
368 2385 496 2416 Aldus:
524 2386 695 2417 voluntate
712 2385 750 2416 X
836 2397 877 2426 29
903 2387 1168 2418 discriberentur
1184 2387 1216 2417 F
