<?xml version="1.0" encoding="UTF-8"?>
<!DOCTYPE html PUBLIC "-//W3C//DTD XHTML 1.0 Transitional//EN"
    "http://www.w3.org/TR/xhtml1/DTD/xhtml1-transitional.dtd">
<html xmlns="http://www.w3.org/1999/xhtml" xml:lang="en" lang="en">
 <head>
  <title>
</title>
<meta http-equiv="Content-Type" content="text/html;charset=utf-8" />
  <meta name='ocr-system' content='tesseract 3.04.00' />
  <meta name='ocr-capabilities' content='ocr_page ocr_carea ocr_par ocr_line ocrx_word'/>
</head>
<body>
  <div class='ocr_page' id='page_1' title='image "./commentariorumpa02caesuoft_0083.png"; bbox 0 0 1705 2729; ppageno 0'>
   <div class='ocr_carea' id='block_1_1' title="bbox 135 834 172 856">
    <p class='ocr_par' dir='ltr' id='par_1_1' title="bbox 135 834 172 856">
     <span class='ocr_line' id='line_1_1' title="bbox 135 834 172 856; baseline 0 0"><span class='ocrx_word' id='word_1_1' title='bbox 135 834 172 856; x_wconf 93' lang='lat'>10</span> 
     </span>
    </p>
   </div>
   <div class='ocr_carea' id='block_1_2' title="bbox 131 1476 169 1497">
    <p class='ocr_par' dir='ltr' id='par_1_2' title="bbox 131 1476 169 1497">
     <span class='ocr_line' id='line_1_2' title="bbox 131 1476 169 1497; baseline 0 0"><span class='ocrx_word' id='word_1_2' title='bbox 131 1476 169 1497; x_wconf 84' lang='lat'>20</span> 
     </span>
    </p>
   </div>
   <div class='ocr_carea' id='block_1_3' title="bbox 130 1799 167 1830">
    <p class='ocr_par' dir='ltr' id='par_1_3' title="bbox 130 1799 167 1830">
     <span class='ocr_line' id='line_1_3' title="bbox 130 1799 167 1830; baseline 0 0"><span class='ocrx_word' id='word_1_3' title='bbox 130 1799 167 1830; x_wconf 83' lang='lat'>25</span> 
     </span>
    </p>
   </div>
   <div class='ocr_carea' id='block_1_4' title="bbox 128 2123 166 2153">
    <p class='ocr_par' dir='ltr' id='par_1_4' title="bbox 128 2123 166 2153">
     <span class='ocr_line' id='line_1_4' title="bbox 128 2123 166 2153; baseline 0 -8"><span class='ocrx_word' id='word_1_4' title='bbox 128 2123 166 2153; x_wconf 79' lang='lat'>30</span> 
     </span>
    </p>
   </div>
   <div class='ocr_carea' id='block_1_5' title="bbox 506 129 1205 167">
    <p class='ocr_par' dir='ltr' id='par_1_5' title="bbox 506 129 1205 167">
     <span class='ocr_line' id='line_1_5' title="bbox 506 129 1205 167; baseline -0.001 0"><span class='ocrx_word' id='word_1_5' title='bbox 506 131 580 167; x_wconf 90' lang='lat' dir='ltr'>DE</span> <span class='ocrx_word' id='word_1_6' title='bbox 610 129 790 167; x_wconf 91' lang='lat' dir='ltr'><strong>BELLO</strong></span> <span class='ocrx_word' id='word_1_7' title='bbox 820 129 996 167; x_wconf 91' lang='lat' dir='ltr'>CIVILI</span> <span class='ocrx_word' id='word_1_8' title='bbox 1028 129 1129 166; x_wconf 88' lang='lat' dir='ltr'>LIB.</span> <span class='ocrx_word' id='word_1_9' title='bbox 1164 130 1205 166; x_wconf 89' lang='grc' dir='ltr'>ΙΙ</span> 
     </span>
    </p>
   </div>
   <div class='ocr_carea' id='block_1_6' title="bbox 185 237 1578 2223">
    <p class='ocr_par' dir='ltr' id='par_1_6' title="bbox 185 237 1575 2148">
     <span class='ocr_line' id='line_1_6' title="bbox 194 237 1550 290; baseline 0 -12"><span class='ocrx_word' id='word_1_10' title='bbox 194 254 283 290; x_wconf 90' lang='lat' dir='ltr'>pere</span> <span class='ocrx_word' id='word_1_11' title='bbox 303 238 507 278; x_wconf 78' lang='lat' dir='ltr'>debeatis?</span> <span class='ocrx_word' id='word_1_12' title='bbox 549 241 734 277; x_wconf 90' lang='lat' dir='ltr'>Desertos</span> <span class='ocrx_word' id='word_1_13' title='bbox 755 237 859 276; x_wconf 89' lang='lat' dir='ltr'>enim</span> <span class='ocrx_word' id='word_1_14' title='bbox 881 251 921 276; x_wconf 87' lang='lat' dir='ltr'>se</span> <span class='ocrx_word' id='word_1_15' title='bbox 941 251 985 276; x_wconf 85' lang='lat' dir='ltr'>ac</span> <span class='ocrx_word' id='word_1_16' title='bbox 1007 238 1182 288; x_wconf 90' lang='lat' dir='ltr'>proditos</span> <span class='ocrx_word' id='word_1_17' title='bbox 1202 251 1225 276; x_wconf 89' lang='lat' dir='ltr'>a</span> <span class='ocrx_word' id='word_1_18' title='bbox 1245 237 1356 276; x_wconf 90' lang='lat' dir='ltr'>vobis</span> <span class='ocrx_word' id='word_1_19' title='bbox 1376 237 1512 277; x_wconf 87' lang='lat' dir='ltr'>dicunt</span> <span class='ocrx_word' id='word_1_20' title='bbox 1536 246 1550 278; x_wconf 85' lang='lat'><em>7</em></span> 
     </span>
     <span class='ocr_line' id='line_1_7' title="bbox 193 302 1550 352; baseline -0.002 -11"><span class='ocrx_word' id='word_1_21' title='bbox 193 312 230 342; x_wconf 91' lang='lat' dir='ltr'>et</span> <span class='ocrx_word' id='word_1_22' title='bbox 274 303 408 352; x_wconf 89' lang='lat' dir='ltr'>prioris</span> <span class='ocrx_word' id='word_1_23' title='bbox 458 303 689 340; x_wconf 80' lang='lat' dir='ltr'>sacramenti</span> <span class='ocrx_word' id='word_1_24' title='bbox 736 302 977 341; x_wconf 79' lang='lat' dir='ltr'>mentionem</span> <span class='ocrx_word' id='word_1_25' title='bbox 1024 302 1181 340; x_wconf 84' lang='lat' dir='ltr'>faciunt.</span> <span class='ocrx_word' id='word_1_26' title='bbox 1245 304 1380 340; x_wconf 84' lang='lat' dir='ltr'>Vosne</span> <span class='ocrx_word' id='word_1_27' title='bbox 1422 316 1512 340; x_wconf 87' lang='lat' dir='ltr'>vero</span> <span class='ocrx_word' id='word_1_28' title='bbox 1533 311 1550 338; x_wconf 67' lang='grc' dir='ltr'>ὃ</span> 
     </span>
     <span class='ocr_line' id='line_1_8' title="bbox 194 366 1512 414; baseline -0.002 -9"><span class='ocrx_word' id='word_1_29' title='bbox 194 369 235 405; x_wconf 87' lang='lat' dir='ltr'>L.</span> <span class='ocrx_word' id='word_1_30' title='bbox 256 366 485 414; x_wconf 81' lang='lat' dir='ltr'>Domitium,</span> <span class='ocrx_word' id='word_1_31' title='bbox 509 381 558 405; x_wconf 86' lang='lat' dir='ltr'>an</span> <span class='ocrx_word' id='word_1_32' title='bbox 579 380 647 405; x_wconf 90' lang='lat' dir='ltr'>vos</span> <span class='ocrx_word' id='word_1_33' title='bbox 670 366 867 405; x_wconf 84' lang='lat' dir='ltr'>Domitius</span> <span class='ocrx_word' id='word_1_34' title='bbox 888 366 1087 405; x_wconf 87' lang='lat' dir='ltr'>deseruit?</span> <span class='ocrx_word' id='word_1_35' title='bbox 1135 368 1280 404; x_wconf 89' lang='lat' dir='ltr'>Nonne</span> <span class='ocrx_word' id='word_1_36' title='bbox 1301 374 1512 405; x_wconf 83' lang='lat' dir='ltr'>extremam</span> 
     </span>
     <span class='ocr_line' id='line_1_9' title="bbox 191 430 1512 481; baseline -0.002 -11"><span class='ocrx_word' id='word_1_37' title='bbox 191 431 271 481; x_wconf 90' lang='lat' dir='ltr'>pati</span> <span class='ocrx_word' id='word_1_38' title='bbox 304 433 499 469; x_wconf 83' lang='lat' dir='ltr'>fortunam</span> <span class='ocrx_word' id='word_1_39' title='bbox 534 438 687 480; x_wconf 87' lang='lat' dir='ltr'>paratos</span> <span class='ocrx_word' id='word_1_40' title='bbox 722 430 883 480; x_wconf 90' lang='lat' dir='ltr'>proiecit</span> <span class='ocrx_word' id='word_1_41' title='bbox 914 430 1006 468; x_wconf 86' lang='lat' dir='ltr'>ille?</span> <span class='ocrx_word' id='word_1_42' title='bbox 1049 444 1128 469; x_wconf 89' lang='lat' dir='ltr'>non</span> <span class='ocrx_word' id='word_1_43' title='bbox 1163 430 1237 468; x_wconf 85' lang='lat' dir='ltr'>sibi</span> <span class='ocrx_word' id='word_1_44' title='bbox 1271 432 1370 468; x_wconf 91' lang='lat' dir='ltr'>clam</span> <span class='ocrx_word' id='word_1_45' title='bbox 1402 431 1512 469; x_wconf 89' lang='lat' dir='ltr'>vobis</span> 
     </span>
     <span class='ocr_line' id='line_1_10' title="bbox 191 494 1512 545; baseline -0.002 -10"><span class='ocrx_word' id='word_1_46' title='bbox 191 498 354 535; x_wconf 90' lang='lat' dir='ltr'>salutem</span> <span class='ocrx_word' id='word_1_47' title='bbox 380 498 470 545; x_wconf 88' lang='lat' dir='ltr'>fuga</span> <span class='ocrx_word' id='word_1_48' title='bbox 490 495 653 545; x_wconf 87' lang='lat' dir='ltr'>petivit?</span> <span class='ocrx_word' id='word_1_49' title='bbox 686 508 766 533; x_wconf 88' lang='lat' dir='ltr'>non</span> <span class='ocrx_word' id='word_1_50' title='bbox 793 494 937 544; x_wconf 88' lang='lat' dir='ltr'>proditi</span> <span class='ocrx_word' id='word_1_51' title='bbox 963 508 1031 544; x_wconf 90' lang='lat' dir='ltr'>per</span> <span class='ocrx_word' id='word_1_52' title='bbox 1057 494 1166 532; x_wconf 93' lang='lat' dir='ltr'>illum</span> <span class='ocrx_word' id='word_1_53' title='bbox 1194 494 1371 533; x_wconf 87' lang='lat' dir='ltr'>Caesaris</span> <span class='ocrx_word' id='word_1_54' title='bbox 1397 495 1512 533; x_wconf 88' lang='lat' dir='ltr'>bene-</span> 
     </span>
     <span class='ocr_line' id='line_1_11' title="bbox 191 559 1551 608; baseline -0.002 -9"><span class='ocrx_word' id='word_1_55' title='bbox 191 561 280 599; x_wconf 88' lang='lat' dir='ltr'>ficio</span> <span class='ocrx_word' id='word_1_56' title='bbox 306 560 397 599; x_wconf 88' lang='lat' dir='ltr'>estis</span> <span class='ocrx_word' id='word_1_57' title='bbox 424 559 670 598; x_wconf 86' lang='lat' dir='ltr'>conservati?</span> <span class='ocrx_word' id='word_1_58' title='bbox 721 561 974 598; x_wconf 88' lang='lat' dir='ltr'>Sacramento</span> <span class='ocrx_word' id='word_1_59' title='bbox 1001 559 1162 608; x_wconf 90' lang='lat' dir='ltr'>quidem</span> <span class='ocrx_word' id='word_1_60' title='bbox 1189 572 1258 597; x_wconf 90' lang='lat' dir='ltr'>vos</span> <span class='ocrx_word' id='word_1_61' title='bbox 1288 567 1419 597; x_wconf 89' lang='lat' dir='ltr'>tenere</span> <span class='ocrx_word' id='word_1_62' title='bbox 1445 559 1511 608; x_wconf 90' lang='lat' dir='ltr'>qui</span> <span class='ocrx_word' id='word_1_63' title='bbox 1532 573 1551 603; x_wconf 88' lang='lat'>9</span> 
     </span>
     <span class='ocr_line' id='line_1_12' title="bbox 191 623 1512 675; baseline -0.002 -12"><span class='ocrx_word' id='word_1_64' title='bbox 191 625 327 675; x_wconf 84' lang='lat' dir='ltr'>potuit,</span> <span class='ocrx_word' id='word_1_65' title='bbox 354 638 443 663; x_wconf 91' lang='lat' dir='ltr'>cum</span> <span class='ocrx_word' id='word_1_66' title='bbox 471 623 653 673; x_wconf 90' lang='lat' dir='ltr'>proiectis</span> <span class='ocrx_word' id='word_1_67' title='bbox 682 623 851 662; x_wconf 81' lang='lat' dir='ltr'>fascibus</span> <span class='ocrx_word' id='word_1_68' title='bbox 881 631 919 662; x_wconf 87' lang='lat' dir='ltr'>et</span> <span class='ocrx_word' id='word_1_69' title='bbox 945 623 1126 674; x_wconf 88' lang='lat' dir='ltr'>deposito</span> <span class='ocrx_word' id='word_1_70' title='bbox 1153 623 1316 673; x_wconf 89' lang='lat' dir='ltr'>imperio</span> <span class='ocrx_word' id='word_1_71' title='bbox 1344 623 1512 673; x_wconf 87' lang='lat' dir='ltr'>privatus</span> 
     </span>
     <span class='ocr_line' id='line_1_13' title="bbox 191 687 1575 738; baseline -0.004 -11"><span class='ocrx_word' id='word_1_72' title='bbox 191 697 228 727; x_wconf 91' lang='lat' dir='ltr'>et</span> <span class='ocrx_word' id='word_1_73' title='bbox 249 696 384 738; x_wconf 89' lang='lat' dir='ltr'>captus</span> <span class='ocrx_word' id='word_1_74' title='bbox 409 688 491 737; x_wconf 89' lang='lat' dir='ltr'>ipse</span> <span class='ocrx_word' id='word_1_75' title='bbox 511 688 550 725; x_wconf 90' lang='lat' dir='ltr'>in</span> <span class='ocrx_word' id='word_1_76' title='bbox 574 687 741 726; x_wconf 89' lang='lat' dir='ltr'>alienam</span> <span class='ocrx_word' id='word_1_77' title='bbox 763 688 931 726; x_wconf 88' lang='lat' dir='ltr'>venisset</span> <span class='ocrx_word' id='word_1_78' title='bbox 952 689 1216 737; x_wconf 87' lang='lat' dir='ltr'>potestatem?</span> <span class='ocrx_word' id='word_1_79' title='bbox 1265 687 1514 737; x_wconf 86' lang='lat' dir='ltr'>Relinquitur</span> <span class='ocrx_word' id='word_1_80' title='bbox 1539 701 1575 723; x_wconf 85' lang='grc' dir='ltr'>ιο</span> 
     </span>
     <span class='ocr_line' id='line_1_14' title="bbox 191 751 1514 802; baseline -0.002 -11"><span class='ocrx_word' id='word_1_81' title='bbox 191 767 291 792; x_wconf 88' lang='lat' dir='ltr'>nova</span> <span class='ocrx_word' id='word_1_82' title='bbox 325 752 468 802; x_wconf 80' lang='lat' dir='ltr'>religio,</span> <span class='ocrx_word' id='word_1_83' title='bbox 496 760 538 790; x_wconf 92' lang='lat' dir='ltr'>ut</span> <span class='ocrx_word' id='word_1_84' title='bbox 567 766 615 790; x_wconf 92' lang='lat' dir='ltr'>eo</span> <span class='ocrx_word' id='word_1_85' title='bbox 649 753 827 801; x_wconf 80' lang='lat' dir='ltr'>neglecto</span> <span class='ocrx_word' id='word_1_86' title='bbox 861 760 1105 790; x_wconf 89' lang='lat' dir='ltr'>sacramento</span> <span class='ocrx_word' id='word_1_87' title='bbox 1135 765 1214 801; x_wconf 91' lang='lat' dir='ltr'>quo</span> <span class='ocrx_word' id='word_1_88' title='bbox 1244 751 1431 790; x_wconf 90' lang='lat' dir='ltr'>tenemini</span> <span class='ocrx_word' id='word_1_89' title='bbox 1461 766 1514 790; x_wconf 88' lang='lat' dir='ltr'>re-</span> 
     </span>
     <span class='ocr_line' id='line_1_15' title="bbox 190 815 1513 868; baseline -0.002 -12"><span class='ocrx_word' id='word_1_90' title='bbox 190 817 360 868; x_wconf 85' lang='lat' dir='ltr'>spiciatis</span> <span class='ocrx_word' id='word_1_91' title='bbox 388 817 483 855; x_wconf 90' lang='lat' dir='ltr'>illud</span> <span class='ocrx_word' id='word_1_92' title='bbox 510 818 617 866; x_wconf 92' lang='lat' dir='ltr'>quod</span> <span class='ocrx_word' id='word_1_93' title='bbox 648 816 849 855; x_wconf 88' lang='lat' dir='ltr'>deditione</span> <span class='ocrx_word' id='word_1_94' title='bbox 876 816 987 855; x_wconf 88' lang='lat' dir='ltr'>ducis</span> <span class='ocrx_word' id='word_1_95' title='bbox 1014 824 1052 854; x_wconf 93' lang='lat' dir='ltr'>et</span> <span class='ocrx_word' id='word_1_96' title='bbox 1078 815 1215 866; x_wconf 88' lang='lat' dir='ltr'>capitis</span> <span class='ocrx_word' id='word_1_97' title='bbox 1243 815 1513 854; x_wconf 90' lang='lat' dir='ltr'>deminutione</span> 
     </span>
     <span class='ocr_line' id='line_1_16' title="bbox 190 880 1570 931; baseline -0.001 -11"><span class='ocrx_word' id='word_1_98' title='bbox 190 883 387 921; x_wconf 89' lang='lat' dir='ltr'>sublatum</span> <span class='ocrx_word' id='word_1_99' title='bbox 426 889 492 920; x_wconf 90' lang='lat' dir='ltr'>est.</span> <span class='ocrx_word' id='word_1_100' title='bbox 561 883 624 928; x_wconf 82' lang='lat' dir='ltr'>At,</span> <span class='ocrx_word' id='word_1_101' title='bbox 665 882 795 928; x_wconf 89' lang='lat' dir='ltr'>credo,</span> <span class='ocrx_word' id='word_1_102' title='bbox 836 881 866 920; x_wconf 90' lang='lat' dir='ltr'>si</span> <span class='ocrx_word' id='word_1_103' title='bbox 901 882 1108 921; x_wconf 82' lang='lat' dir='ltr'>Caesarem</span> <span class='ocrx_word' id='word_1_104' title='bbox 1148 881 1331 931; x_wconf 89' lang='lat' dir='ltr'>probatis,</span> <span class='ocrx_word' id='word_1_105' title='bbox 1372 880 1411 919; x_wconf 93' lang='lat' dir='ltr'>in</span> <span class='ocrx_word' id='word_1_106' title='bbox 1451 895 1513 919; x_wconf 90' lang='lat' dir='ltr'>me</span> <span class='ocrx_word' id='word_1_107' title='bbox 1537 897 1570 918; x_wconf 91' lang='lat'>11</span> 
     </span>
     <span class='ocr_line' id='line_1_17' title="bbox 190 945 1512 995; baseline -0.002 -10"><span class='ocrx_word' id='word_1_108' title='bbox 190 946 397 985; x_wconf 86' lang='lat' dir='ltr'>offenditis.</span> <span class='ocrx_word' id='word_1_109' title='bbox 459 946 538 994; x_wconf 86' lang='lat' dir='ltr'>Qui</span> <span class='ocrx_word' id='word_1_110' title='bbox 568 947 617 984; x_wconf 89' lang='lat' dir='ltr'>de</span> <span class='ocrx_word' id='word_1_111' title='bbox 648 945 744 984; x_wconf 90' lang='lat' dir='ltr'>meis</span> <span class='ocrx_word' id='word_1_112' title='bbox 772 945 811 983; x_wconf 88' lang='lat' dir='ltr'>in</span> <span class='ocrx_word' id='word_1_113' title='bbox 837 959 905 984; x_wconf 86' lang='lat' dir='ltr'>vos</span> <span class='ocrx_word' id='word_1_114' title='bbox 936 945 1081 984; x_wconf 91' lang='lat' dir='ltr'>meritis</span> <span class='ocrx_word' id='word_1_115' title='bbox 1111 945 1403 995; x_wconf 81' lang='lat' dir='ltr'>praedicaturus</span> <span class='ocrx_word' id='word_1_116' title='bbox 1433 958 1512 984; x_wconf 91' lang='lat' dir='ltr'>non</span> 
     </span>
     <span class='ocr_line' id='line_1_18' title="bbox 190 1011 1514 1061; baseline -0.001 -12"><span class='ocrx_word' id='word_1_117' title='bbox 190 1025 286 1058; x_wconf 88' lang='lat' dir='ltr'>sum,</span> <span class='ocrx_word' id='word_1_118' title='bbox 311 1024 411 1061; x_wconf 86' lang='lat' dir='ltr'>quae</span> <span class='ocrx_word' id='word_1_119' title='bbox 438 1018 527 1049; x_wconf 87' lang='lat' dir='ltr'>sunt</span> <span class='ocrx_word' id='word_1_120' title='bbox 553 1011 683 1049; x_wconf 90' lang='lat' dir='ltr'>adhuc</span> <span class='ocrx_word' id='word_1_121' title='bbox 710 1018 748 1048; x_wconf 90' lang='lat' dir='ltr'>et</span> <span class='ocrx_word' id='word_1_122' title='bbox 773 1023 860 1049; x_wconf 93' lang='lat' dir='ltr'>mea</span> <span class='ocrx_word' id='word_1_123' title='bbox 883 1011 1083 1048; x_wconf 83' lang='lat' dir='ltr'>voluntate</span> <span class='ocrx_word' id='word_1_124' title='bbox 1110 1017 1148 1048; x_wconf 92' lang='lat' dir='ltr'>et</span> <span class='ocrx_word' id='word_1_125' title='bbox 1168 1017 1293 1048; x_wconf 89' lang='lat' dir='ltr'>vestra</span> <span class='ocrx_word' id='word_1_126' title='bbox 1319 1018 1514 1060; x_wconf 88' lang='lat' dir='ltr'>exspecta-</span> 
     </span>
     <span class='ocr_line' id='line_1_19' title="bbox 190 1073 1512 1124; baseline -0.001 -11"><span class='ocrx_word' id='word_1_127' title='bbox 190 1075 295 1114; x_wconf 86' lang='lat' dir='ltr'>tione</span> <span class='ocrx_word' id='word_1_128' title='bbox 322 1075 465 1113; x_wconf 88' lang='lat' dir='ltr'>leviora</span> <span class='ocrx_word' id='word_1_129' title='bbox 480 1090 489 1122; x_wconf 76' lang='lat'>3</span> <span class='ocrx_word' id='word_1_130' title='bbox 518 1075 587 1113; x_wconf 90' lang='lat' dir='ltr'>sed</span> <span class='ocrx_word' id='word_1_131' title='bbox 609 1082 739 1112; x_wconf 91' lang='lat' dir='ltr'>tamen</span> <span class='ocrx_word' id='word_1_132' title='bbox 767 1074 825 1112; x_wconf 89' lang='lat' dir='ltr'>sui</span> <span class='ocrx_word' id='word_1_133' title='bbox 852 1074 995 1112; x_wconf 91' lang='lat' dir='ltr'>laboris</span> <span class='ocrx_word' id='word_1_134' title='bbox 1023 1073 1164 1112; x_wconf 89' lang='lat' dir='ltr'>milites</span> <span class='ocrx_word' id='word_1_135' title='bbox 1191 1087 1345 1124; x_wconf 84' lang='lat' dir='ltr'>semper</span> <span class='ocrx_word' id='word_1_136' title='bbox 1370 1082 1512 1112; x_wconf 88' lang='lat' dir='ltr'>eventu</span> 
     </span>
     <span class='ocr_line' id='line_1_20' title="bbox 189 1138 1511 1190; baseline -0.001 -12"><span class='ocrx_word' id='word_1_137' title='bbox 189 1140 280 1179; x_wconf 92' lang='lat' dir='ltr'>belli</span> <span class='ocrx_word' id='word_1_138' title='bbox 297 1140 468 1189; x_wconf 85' lang='lat' dir='ltr'>praemia</span> <span class='ocrx_word' id='word_1_139' title='bbox 483 1139 713 1190; x_wconf 88' lang='lat' dir='ltr'>petiverunt,</span> <span class='ocrx_word' id='word_1_140' title='bbox 729 1139 795 1188; x_wconf 88' lang='lat' dir='ltr'>qui</span> <span class='ocrx_word' id='word_1_141' title='bbox 811 1139 935 1188; x_wconf 86' lang='lat' dir='ltr'>qualis</span> <span class='ocrx_word' id='word_1_142' title='bbox 952 1138 999 1177; x_wconf 91' lang='lat' dir='ltr'>sit</span> <span class='ocrx_word' id='word_1_143' title='bbox 1020 1140 1170 1177; x_wconf 89' lang='lat' dir='ltr'>futurus</span> <span class='ocrx_word' id='word_1_144' title='bbox 1191 1152 1241 1177; x_wconf 90' lang='lat' dir='ltr'>ne</span> <span class='ocrx_word' id='word_1_145' title='bbox 1261 1152 1329 1177; x_wconf 89' lang='lat' dir='ltr'>vos</span> <span class='ocrx_word' id='word_1_146' title='bbox 1351 1139 1511 1188; x_wconf 88' lang='lat' dir='ltr'>quidem</span> 
     </span>
     <span class='ocr_line' id='line_1_21' title="bbox 189 1203 1511 1254; baseline -0.002 -11"><span class='ocrx_word' id='word_1_147' title='bbox 189 1204 384 1243; x_wconf 88' lang='lat' dir='ltr'>dubitatis.</span> <span class='ocrx_word' id='word_1_148' title='bbox 442 1203 693 1254; x_wconf 86' lang='lat' dir='ltr'>Diligentiam</span> <span class='ocrx_word' id='word_1_149' title='bbox 711 1204 871 1253; x_wconf 89' lang='lat' dir='ltr'>quidem</span> <span class='ocrx_word' id='word_1_150' title='bbox 893 1211 1064 1242; x_wconf 85' lang='lat' dir='ltr'>nostram</span> <span class='ocrx_word' id='word_1_151' title='bbox 1086 1211 1163 1250; x_wconf 84' lang='lat' dir='ltr'>aut,</span> <span class='ocrx_word' id='word_1_152' title='bbox 1181 1217 1299 1253; x_wconf 87' lang='lat' dir='ltr'>quem</span> <span class='ocrx_word' id='word_1_153' title='bbox 1320 1205 1371 1242; x_wconf 92' lang='lat' dir='ltr'>ad</span> <span class='ocrx_word' id='word_1_154' title='bbox 1393 1205 1511 1242; x_wconf 89' lang='lat' dir='ltr'>finem</span> 
     </span>
     <span class='ocr_line' id='line_1_22' title="bbox 188 1268 1571 1319; baseline -0.004 -11"><span class='ocrx_word' id='word_1_155' title='bbox 188 1271 319 1308; x_wconf 90' lang='lat' dir='ltr'>adhuc</span> <span class='ocrx_word' id='word_1_156' title='bbox 342 1283 401 1308; x_wconf 91' lang='lat' dir='ltr'>res</span> <span class='ocrx_word' id='word_1_157' title='bbox 422 1268 621 1319; x_wconf 88' lang='lat' dir='ltr'>processit,</span> <span class='ocrx_word' id='word_1_158' title='bbox 644 1270 838 1307; x_wconf 87' lang='lat' dir='ltr'>fortunam</span> <span class='ocrx_word' id='word_1_159' title='bbox 861 1282 929 1307; x_wconf 89' lang='lat' dir='ltr'>cur</span> <span class='ocrx_word' id='word_1_160' title='bbox 948 1270 1218 1318; x_wconf 86' lang='lat' dir='ltr'>praeteream?</span> <span class='ocrx_word' id='word_1_161' title='bbox 1256 1271 1318 1306; x_wconf 88' lang='lat' dir='ltr'>An</span> <span class='ocrx_word' id='word_1_162' title='bbox 1340 1269 1513 1318; x_wconf 88' lang='lat' dir='ltr'>paenitet</span> <span class='ocrx_word' id='word_1_163' title='bbox 1537 1282 1571 1304; x_wconf 59' lang='grc' dir='ltr'>ια</span> 
     </span>
     <span class='ocr_line' id='line_1_23' title="bbox 188 1333 1512 1384; baseline 0 -12"><span class='ocrx_word' id='word_1_164' title='bbox 188 1348 266 1381; x_wconf 88' lang='lat' dir='ltr'>vos,</span> <span class='ocrx_word' id='word_1_165' title='bbox 290 1335 399 1384; x_wconf 91' lang='lat' dir='ltr'>quod</span> <span class='ocrx_word' id='word_1_166' title='bbox 419 1335 567 1372; x_wconf 90' lang='lat' dir='ltr'>salvum</span> <span class='ocrx_word' id='word_1_167' title='bbox 589 1341 706 1383; x_wconf 85' lang='lat' dir='ltr'>atque</span> <span class='ocrx_word' id='word_1_168' title='bbox 727 1333 965 1372; x_wconf 88' lang='lat' dir='ltr'>incolumem</span> <span class='ocrx_word' id='word_1_169' title='bbox 990 1333 1201 1372; x_wconf 85' lang='lat' dir='ltr'>exercitum</span> <span class='ocrx_word' id='word_1_170' title='bbox 1223 1334 1328 1371; x_wconf 89' lang='lat' dir='ltr'>nulla</span> <span class='ocrx_word' id='word_1_171' title='bbox 1349 1333 1512 1372; x_wconf 91' lang='lat' dir='ltr'>omnino</span> 
     </span>
     <span class='ocr_line' id='line_1_24' title="bbox 188 1397 1512 1447; baseline 0 -10"><span class='ocrx_word' id='word_1_172' title='bbox 188 1412 285 1437; x_wconf 84' lang='lat' dir='ltr'>nave</span> <span class='ocrx_word' id='word_1_173' title='bbox 312 1398 531 1437; x_wconf 87' lang='lat' dir='ltr'>desiderata</span> <span class='ocrx_word' id='word_1_174' title='bbox 556 1397 819 1436; x_wconf 84' lang='lat' dir='ltr'>traduxerim?</span> <span class='ocrx_word' id='word_1_175' title='bbox 853 1399 961 1447; x_wconf 93' lang='lat' dir='ltr'>quod</span> <span class='ocrx_word' id='word_1_176' title='bbox 991 1399 1155 1436; x_wconf 86' lang='lat' dir='ltr'>classem</span> <span class='ocrx_word' id='word_1_177' title='bbox 1186 1397 1358 1436; x_wconf 90' lang='lat' dir='ltr'>hostium</span> <span class='ocrx_word' id='word_1_178' title='bbox 1386 1397 1512 1447; x_wconf 89' lang='lat' dir='ltr'>primo</span> 
     </span>
     <span class='ocr_line' id='line_1_25' title="bbox 186 1462 1511 1514; baseline -0.001 -12"><span class='ocrx_word' id='word_1_179' title='bbox 186 1463 336 1514; x_wconf 88' lang='lat' dir='ltr'>impetu</span> <span class='ocrx_word' id='word_1_180' title='bbox 375 1463 587 1502; x_wconf 87' lang='lat' dir='ltr'>adveniens</span> <span class='ocrx_word' id='word_1_181' title='bbox 631 1462 947 1513; x_wconf 83' lang='lat' dir='ltr'>profligaverim?</span> <span class='ocrx_word' id='word_1_182' title='bbox 994 1464 1102 1512; x_wconf 90' lang='lat' dir='ltr'>quod</span> <span class='ocrx_word' id='word_1_183' title='bbox 1142 1462 1201 1500; x_wconf 91' lang='lat' dir='ltr'>bis</span> <span class='ocrx_word' id='word_1_184' title='bbox 1240 1476 1308 1512; x_wconf 89' lang='lat' dir='ltr'>per</span> <span class='ocrx_word' id='word_1_185' title='bbox 1345 1462 1511 1501; x_wconf 91' lang='lat' dir='ltr'>biduum</span> 
     </span>
     <span class='ocr_line' id='line_1_26' title="bbox 187 1526 1512 1578; baseline 0 -12"><span class='ocrx_word' id='word_1_186' title='bbox 187 1527 355 1577; x_wconf 85' lang='lat' dir='ltr'>equestri</span> <span class='ocrx_word' id='word_1_187' title='bbox 383 1527 532 1578; x_wconf 89' lang='lat' dir='ltr'>proelio</span> <span class='ocrx_word' id='word_1_188' title='bbox 562 1527 851 1577; x_wconf 90' lang='lat' dir='ltr'>superaverim?</span> <span class='ocrx_word' id='word_1_189' title='bbox 889 1528 997 1577; x_wconf 88' lang='lat' dir='ltr'>quod</span> <span class='ocrx_word' id='word_1_190' title='bbox 1027 1539 1078 1565; x_wconf 84' lang='lat' dir='ltr'>ex</span> <span class='ocrx_word' id='word_1_191' title='bbox 1108 1534 1221 1577; x_wconf 90' lang='lat' dir='ltr'>portu</span> <span class='ocrx_word' id='word_1_192' title='bbox 1252 1526 1419 1577; x_wconf 84' lang='lat' dir='ltr'>sinuque</span> <span class='ocrx_word' id='word_1_193' title='bbox 1448 1529 1512 1566; x_wconf 88' lang='lat' dir='ltr'>ad-</span> 
     </span>
     <span class='ocr_line' id='line_1_27' title="bbox 186 1591 1513 1642; baseline -0.001 -12"><span class='ocrx_word' id='word_1_194' title='bbox 186 1592 440 1631; x_wconf 85' lang='lat' dir='ltr'>versariorum</span> <span class='ocrx_word' id='word_1_195' title='bbox 469 1604 517 1630; x_wconf 90' lang='lat' dir='ltr'>cc</span> <span class='ocrx_word' id='word_1_196' title='bbox 545 1592 652 1630; x_wconf 87' lang='lat' dir='ltr'>navis</span> <span class='ocrx_word' id='word_1_197' title='bbox 680 1599 859 1630; x_wconf 81' lang='lat' dir='ltr'>oneratas</span> <span class='ocrx_word' id='word_1_198' title='bbox 885 1591 1114 1630; x_wconf 87' lang='lat' dir='ltr'>adduxerim</span> <span class='ocrx_word' id='word_1_199' title='bbox 1141 1605 1268 1642; x_wconf 89' lang='lat' dir='ltr'>eoque</span> <span class='ocrx_word' id='word_1_200' title='bbox 1295 1591 1381 1630; x_wconf 90' lang='lat' dir='ltr'>illos</span> <span class='ocrx_word' id='word_1_201' title='bbox 1409 1605 1513 1630; x_wconf 89' lang='lat' dir='ltr'>com-</span> 
     </span>
     <span class='ocr_line' id='line_1_28' title="bbox 187 1655 1512 1706; baseline 0 -12"><span class='ocrx_word' id='word_1_202' title='bbox 187 1656 350 1705; x_wconf 86' lang='lat' dir='ltr'>pulerim</span> <span class='ocrx_word' id='word_1_203' title='bbox 372 1664 413 1694; x_wconf 91' lang='lat' dir='ltr'>ut</span> <span class='ocrx_word' id='word_1_204' title='bbox 435 1670 563 1706; x_wconf 86' lang='lat' dir='ltr'>neque</span> <span class='ocrx_word' id='word_1_205' title='bbox 585 1655 755 1706; x_wconf 90' lang='lat' dir='ltr'>pedestri</span> <span class='ocrx_word' id='word_1_206' title='bbox 783 1655 919 1694; x_wconf 91' lang='lat' dir='ltr'>itinere</span> <span class='ocrx_word' id='word_1_207' title='bbox 947 1670 1075 1706; x_wconf 89' lang='lat' dir='ltr'>neque</span> <span class='ocrx_word' id='word_1_208' title='bbox 1102 1655 1266 1694; x_wconf 89' lang='lat' dir='ltr'>navibus</span> <span class='ocrx_word' id='word_1_209' title='bbox 1287 1664 1512 1694; x_wconf 90' lang='lat' dir='ltr'>commeatu</span> 
     </span>
     <span class='ocr_line' id='line_1_29' title="bbox 187 1720 1572 1771; baseline -0.001 -13"><span class='ocrx_word' id='word_1_210' title='bbox 187 1721 307 1759; x_wconf 89' lang='lat' dir='ltr'>iuvari</span> <span class='ocrx_word' id='word_1_211' title='bbox 323 1721 502 1771; x_wconf 86' lang='lat' dir='ltr'>possint?</span> <span class='ocrx_word' id='word_1_212' title='bbox 547 1724 636 1760; x_wconf 92' lang='lat' dir='ltr'>Hac</span> <span class='ocrx_word' id='word_1_213' title='bbox 653 1735 721 1760; x_wconf 90' lang='lat' dir='ltr'>vos</span> <span class='ocrx_word' id='word_1_214' title='bbox 738 1723 892 1760; x_wconf 89' lang='lat' dir='ltr'>fortuna</span> <span class='ocrx_word' id='word_1_215' title='bbox 907 1729 1024 1771; x_wconf 91' lang='lat' dir='ltr'>atque</span> <span class='ocrx_word' id='word_1_216' title='bbox 1040 1720 1099 1759; x_wconf 88' lang='lat' dir='ltr'>his</span> <span class='ocrx_word' id='word_1_217' title='bbox 1116 1720 1283 1759; x_wconf 88' lang='lat' dir='ltr'>ducibus</span> <span class='ocrx_word' id='word_1_218' title='bbox 1299 1721 1511 1771; x_wconf 90' lang='lat' dir='ltr'>repudiatis</span> <span class='ocrx_word' id='word_1_219' title='bbox 1535 1735 1572 1764; x_wconf 83' lang='lat'>13</span> 
     </span>
     <span class='ocr_line' id='line_1_30' title="bbox 189 1784 1511 1838; baseline -0.001 -13"><span class='ocrx_word' id='word_1_220' title='bbox 189 1786 473 1826; x_wconf 86' lang='lat' dir='ltr'>Corfiniensem</span> <span class='ocrx_word' id='word_1_221' title='bbox 502 1786 766 1836; x_wconf 81' lang='lat' dir='ltr'>ignominiam,</span> <span class='ocrx_word' id='word_1_222' title='bbox 788 1786 923 1825; x_wconf 90' lang='lat' dir='ltr'>Italiae</span> <span class='ocrx_word' id='word_1_223' title='bbox 947 1788 1089 1836; x_wconf 83' lang='lat' dir='ltr'>fugam,</span> <span class='ocrx_word' id='word_1_224' title='bbox 1114 1784 1196 1838; x_wconf 89' lang='lat' dir='ltr'>[an]</span> <span class='ocrx_word' id='word_1_225' title='bbox 1229 1786 1511 1836; x_wconf 89' lang='lat' dir='ltr'>Hispaniarum</span> 
     </span>
     <span class='ocr_line' id='line_1_31' title="bbox 188 1849 1511 1903; baseline 0 -15"><span class='ocrx_word' id='word_1_226' title='bbox 188 1850 440 1898; x_wconf 88' lang='lat' dir='ltr'>deditionem,</span> <span class='ocrx_word' id='word_1_227' title='bbox 468 1849 540 1903; x_wconf 86' lang='lat' dir='ltr'>[in]</span> <span class='ocrx_word' id='word_1_228' title='bbox 574 1851 694 1889; x_wconf 90' lang='lat' dir='ltr'>Africi</span> <span class='ocrx_word' id='word_1_229' title='bbox 730 1851 821 1890; x_wconf 90' lang='lat' dir='ltr'>belli</span> <span class='ocrx_word' id='word_1_230' title='bbox 853 1850 1091 1900; x_wconf 86' lang='lat' dir='ltr'>praeiudicia</span> <span class='ocrx_word' id='word_1_231' title='bbox 1111 1850 1344 1900; x_wconf 75' lang='lat' dir='ltr'>sequimini!</span> <span class='ocrx_word' id='word_1_232' title='bbox 1394 1851 1511 1901; x_wconf 90' lang='lat' dir='ltr'>Equi-</span> 
     </span>
     <span class='ocr_line' id='line_1_32' title="bbox 186 1915 1571 1964; baseline -0.002 -11"><span class='ocrx_word' id='word_1_233' title='bbox 186 1915 277 1953; x_wconf 92' lang='lat' dir='ltr'>dem</span> <span class='ocrx_word' id='word_1_234' title='bbox 310 1929 372 1953; x_wconf 94' lang='lat' dir='ltr'>me</span> <span class='ocrx_word' id='word_1_235' title='bbox 403 1915 579 1954; x_wconf 90' lang='lat' dir='ltr'>Caesaris</span> <span class='ocrx_word' id='word_1_236' title='bbox 615 1915 778 1954; x_wconf 91' lang='lat' dir='ltr'>militem</span> <span class='ocrx_word' id='word_1_237' title='bbox 810 1915 888 1954; x_wconf 91' lang='lat' dir='ltr'>dici</span> <span class='ocrx_word' id='word_1_238' title='bbox 920 1915 1036 1962; x_wconf 91' lang='lat' dir='ltr'>volui,</span> <span class='ocrx_word' id='word_1_239' title='bbox 1063 1928 1131 1953; x_wconf 88' lang='lat' dir='ltr'>vos</span> <span class='ocrx_word' id='word_1_240' title='bbox 1167 1928 1229 1953; x_wconf 91' lang='lat' dir='ltr'>me</span> <span class='ocrx_word' id='word_1_241' title='bbox 1268 1915 1510 1964; x_wconf 88' lang='lat' dir='ltr'>imperatoris</span> <span class='ocrx_word' id='word_1_242' title='bbox 1534 1929 1571 1959; x_wconf 84' lang='lat'>14</span> 
     </span>
     <span class='ocr_line' id='line_1_33' title="bbox 185 1979 1509 2030; baseline 0.001 -13"><span class='ocrx_word' id='word_1_243' title='bbox 185 1979 344 2018; x_wconf 88' lang='lat' dir='ltr'>nomine</span> <span class='ocrx_word' id='word_1_244' title='bbox 371 1980 643 2030; x_wconf 88' lang='lat' dir='ltr'>appellavistis.</span> <span class='ocrx_word' id='word_1_245' title='bbox 705 1980 827 2019; x_wconf 89' lang='lat' dir='ltr'>Cuius</span> <span class='ocrx_word' id='word_1_246' title='bbox 852 1980 884 2018; x_wconf 92' lang='lat' dir='ltr'>si</span> <span class='ocrx_word' id='word_1_247' title='bbox 903 1994 973 2019; x_wconf 90' lang='lat' dir='ltr'>vos</span> <span class='ocrx_word' id='word_1_248' title='bbox 998 1980 1180 2030; x_wconf 84' lang='lat' dir='ltr'>paenitet,</span> <span class='ocrx_word' id='word_1_249' title='bbox 1203 1987 1373 2018; x_wconf 87' lang='lat' dir='ltr'>vestrum</span> <span class='ocrx_word' id='word_1_250' title='bbox 1399 1980 1509 2019; x_wconf 91' lang='lat' dir='ltr'>vobis</span> 
     </span>
     <span class='ocr_line' id='line_1_34' title="bbox 186 2044 1510 2091; baseline 0.001 -10"><span class='ocrx_word' id='word_1_251' title='bbox 186 2044 421 2082; x_wconf 90' lang='lat' dir='ltr'>beneficium</span> <span class='ocrx_word' id='word_1_252' title='bbox 454 2044 635 2083; x_wconf 90' lang='lat' dir='ltr'>remitto:</span> <span class='ocrx_word' id='word_1_253' title='bbox 667 2044 763 2082; x_wconf 88' lang='lat' dir='ltr'>mihi</span> <span class='ocrx_word' id='word_1_254' title='bbox 801 2058 933 2083; x_wconf 88' lang='lat' dir='ltr'>meum</span> <span class='ocrx_word' id='word_1_255' title='bbox 964 2045 1152 2084; x_wconf 90' lang='lat' dir='ltr'>restituite</span> <span class='ocrx_word' id='word_1_256' title='bbox 1185 2058 1343 2091; x_wconf 87' lang='lat' dir='ltr'>nomen,</span> <span class='ocrx_word' id='word_1_257' title='bbox 1377 2058 1426 2082; x_wconf 92' lang='lat' dir='ltr'>ne</span> <span class='ocrx_word' id='word_1_258' title='bbox 1459 2046 1510 2083; x_wconf 93' lang='lat' dir='ltr'>ad</span> 
     </span>
     <span class='ocr_line' id='line_1_35' title="bbox 186 2109 1124 2148; baseline 0.002 -2"><span class='ocrx_word' id='word_1_259' title='bbox 186 2109 463 2147; x_wconf 90' lang='lat' dir='ltr'>contumeliam</span> <span class='ocrx_word' id='word_1_260' title='bbox 490 2110 681 2148; x_wconf 90' lang='lat' dir='ltr'>honorem</span> <span class='ocrx_word' id='word_1_261' title='bbox 709 2109 865 2148; x_wconf 87' lang='lat' dir='ltr'>dedisse</span> <span class='ocrx_word' id='word_1_262' title='bbox 889 2110 1124 2148; x_wconf 89' lang='lat' dir='ltr'>videamini.&#39;</span> 
     </span>
    </p>

    <p class='ocr_par' dir='ltr' id='par_1_7' title="bbox 240 2173 1578 2223">
     <span class='ocr_line' id='line_1_36' title="bbox 240 2173 1578 2223; baseline 0.001 -12"><span class='ocrx_word' id='word_1_263' title='bbox 240 2174 329 2221; x_wconf 83' lang='lat' dir='ltr'>Qua</span> <span class='ocrx_word' id='word_1_264' title='bbox 355 2173 530 2212; x_wconf 88' lang='lat' dir='ltr'>oratione</span> <span class='ocrx_word' id='word_1_265' title='bbox 558 2173 724 2223; x_wconf 92' lang='lat' dir='ltr'>permoti</span> <span class='ocrx_word' id='word_1_266' title='bbox 752 2174 892 2212; x_wconf 87' lang='lat' dir='ltr'>milites</span> <span class='ocrx_word' id='word_1_267' title='bbox 921 2176 1057 2213; x_wconf 86' lang='lat' dir='ltr'>crebro</span> <span class='ocrx_word' id='word_1_268' title='bbox 1085 2175 1201 2213; x_wconf 88' lang='lat' dir='ltr'>etiam</span> <span class='ocrx_word' id='word_1_269' title='bbox 1230 2174 1427 2213; x_wconf 86' lang='lat' dir='ltr'>dicentem</span> <span class='ocrx_word' id='word_1_270' title='bbox 1455 2174 1508 2212; x_wconf 90' lang='lat' dir='ltr'>in-</span> <span class='ocrx_word' id='word_1_271' title='bbox 1527 2180 1578 2218; x_wconf 87' lang='lat'>33</span> 
     </span>
    </p>
   </div>
   <div class='ocr_carea' id='block_1_7' title="bbox 186 2275 1508 2435">
    <p class='ocr_par' dir='ltr' id='par_1_8' title="bbox 186 2275 1508 2435">
     <span class='ocr_line' id='line_1_37' title="bbox 233 2275 1507 2317; baseline 0.002 -12"><span class='ocrx_word' id='word_1_272' title='bbox 233 2284 267 2304; x_wconf 87' lang='lat'>11</span> <span class='ocrx_word' id='word_1_273' title='bbox 295 2275 327 2305; x_wconf 91' lang='lat' dir='ltr'>in</span> <span class='ocrx_word' id='word_1_274' title='bbox 340 2285 393 2305; x_wconf 89' lang='lat' dir='ltr'>me</span> <span class='ocrx_word' id='word_1_275' title='bbox 407 2275 471 2306; x_wconf 87' lang='lat' dir='ltr'>cod.</span> <span class='ocrx_word' id='word_1_276' title='bbox 487 2275 596 2306; x_wconf 77' lang='lat' dir='ltr'>Petav.</span> <span class='ocrx_word' id='word_1_277' title='bbox 614 2287 619 2305; x_wconf 95' lang='lat'><strong>:</strong></span> <span class='ocrx_word' id='word_1_278' title='bbox 646 2276 711 2306; x_wconf 82' lang='lat' dir='ltr'>iam</span> <span class='ocrx_word' id='word_1_279' title='bbox 725 2275 763 2305; x_wconf 99' lang='lat' dir='ltr'><em>X</em></span> <span class='ocrx_word' id='word_1_280' title='bbox 850 2286 888 2306; x_wconf 87' lang='lat'>12</span> <span class='ocrx_word' id='word_1_281' title='bbox 914 2277 1168 2316; x_wconf 85' lang='lat' dir='ltr'>praedicaturus</span> <span class='ocrx_word' id='word_1_282' title='bbox 1181 2277 1312 2308; x_wconf 82' lang='lat' dir='ltr'>Aldus:</span> <span class='ocrx_word' id='word_1_283' title='bbox 1339 2278 1507 2317; x_wconf 86' lang='lat' dir='ltr'>praeiudi-</span> 
     </span>
     <span class='ocr_line' id='line_1_38' title="bbox 186 2317 1508 2359; baseline 0.003 -12"><span class='ocrx_word' id='word_1_284' title='bbox 186 2322 322 2348; x_wconf 82' lang='lat' dir='ltr'>caturus</span> <span class='ocrx_word' id='word_1_285' title='bbox 338 2317 375 2347; x_wconf 91' lang='lat' dir='ltr'><em>X</em></span> <span class='ocrx_word' id='word_1_286' title='bbox 471 2329 512 2348; x_wconf 85' lang='lat'>22</span> <span class='ocrx_word' id='word_1_287' title='bbox 537 2320 734 2350; x_wconf 81' lang='lat' dir='ltr'>adduxerim</span> <span class='ocrx_word' id='word_1_288' title='bbox 751 2319 804 2349; x_wconf 87' lang='lat' dir='ltr'>X:</span> <span class='ocrx_word' id='word_1_289' title='bbox 831 2320 1028 2351; x_wconf 84' lang='lat' dir='ltr'>abduxerim</span> <span class='ocrx_word' id='word_1_290' title='bbox 1046 2321 1134 2352; x_wconf 83' lang='lat' dir='ltr'>codd.</span> <span class='ocrx_word' id='word_1_291' title='bbox 1154 2332 1222 2351; x_wconf 81' lang='lat' dir='ltr'>rccc.</span> <span class='ocrx_word' id='word_1_292' title='bbox 1323 2331 1363 2359; x_wconf 86' lang='lat'>25</span> <span class='ocrx_word' id='word_1_293' title='bbox 1390 2321 1508 2351; x_wconf 88' lang='lat' dir='ltr'>Italiae</span> 
     </span>
     <span class='ocr_line' id='line_1_39' title="bbox 188 2360 1506 2435; baseline 0.005 -45"><span class='ocrx_word' id='word_1_294' title='bbox 188 2360 390 2435; x_wconf 45' lang='lat' dir='ltr'>Ciaffionizlzsl:</span> <span class='ocrx_word' id='word_1_295' title='bbox 414 2362 563 2393; x_wconf 85' lang='lat' dir='ltr'>initaliae</span> <span class='ocrx_word' id='word_1_296' title='bbox 582 2361 619 2391; x_wconf 88' lang='lat' dir='ltr'><em>X</em></span> <span class='ocrx_word' id='word_1_297' title='bbox 734 2373 776 2393; x_wconf 89' lang='lat' dir='ltr'>an</span> <span class='ocrx_word' id='word_1_298' title='bbox 792 2362 850 2393; x_wconf 85' lang='lat' dir='ltr'>del.</span> <span class='ocrx_word' id='word_1_299' title='bbox 871 2363 1055 2394; x_wconf 82' lang='lat' dir='ltr'>Ciacconius</span> <span class='ocrx_word' id='word_1_300' title='bbox 1151 2365 1192 2395; x_wconf 86' lang='lat'>26</span> <span class='ocrx_word' id='word_1_301' title='bbox 1216 2365 1248 2394; x_wconf 93' lang='lat' dir='ltr'>in</span> <span class='ocrx_word' id='word_1_302' title='bbox 1265 2364 1323 2395; x_wconf 77' lang='lat' dir='ltr'><em>dcl.</em></span> <span class='ocrx_word' id='word_1_303' title='bbox 1343 2365 1506 2404; x_wconf 66' lang='lat' dir='ltr'>Kraffi’rlz</span> 
     </span>
     <span class='ocr_line' id='line_1_40' title="bbox 187 2414 418 2435; baseline 0.004 -2"><span class='ocrx_word' id='word_1_304' title='bbox 187 2414 229 2433; x_wconf 82' lang='lat' dir='ltr'>en</span> <span class='ocrx_word' id='word_1_305' title='bbox 281 2415 335 2435; x_wconf 81' lang='lat' dir='ltr'>uec</span> <span class='ocrx_word' id='word_1_306' title='bbox 356 2415 371 2434; x_wconf 85' lang='lat' dir='ltr'>e</span> <span class='ocrx_word' id='word_1_307' title='bbox 384 2415 418 2434; x_wconf 80' lang='lat' dir='ltr'>cr</span> 
     </span>
    </p>
   </div>
  </div>
 </body>
</html>
