1705 2729
578 168 814 205 INCER'I‘I
846 168 1126 205 AVCTORIS

153 291 170 321 5
193 288 357 330 caperet.
419 282 479 317 Ita
502 279 604 316 brevi
631 279 756 328 spatio
786 292 824 316 rc
854 278 1158 328 1⁷)racclarissime
1177 286 1295 328 gesta,
1317 278 1517 329 provincia

193 352 347 394 recepta
380 352 417 382 et
451 343 662 381 Cornificio
696 343 857 389 reddita,
889 344 1011 380 classe
1041 343 1345 381 adversariorum
1376 356 1421 380 ex
1451 342 1517 381 illo

191 416 275 447 toto
296 409 382 446 sinu
404 410 563 458 expulsa
583 408 706 447 victor
726 422 767 446 se
798 407 1051 446 Brundisium
1079 407 1265 445 incolumi
1290 407 1458 445 exercitu
1479 414 1516 445 et

192 475 313 511 classe
335 473 489 523 recepit.

119 544 171 592 48
248 538 314 575 Eis
351 546 483 576 autem
523 538 765 588 temporibus
804 537 946 588 quibus
986 538 1130 577 Caesar
1170 538 1221 575 ad
1258 536 1555 586 Dyrrachium5

194 603 426 652 Pompeium
457 603 665 641 obsidebat
693 611 729 640 et
753 602 1037 652 Palaepharsali
1064 615 1144 640 rem
1174 601 1333 639 feliciter
1359 601 1517 651 gerebat

192 668 541 716 Alexandreaeque
575 681 665 704 cum
701 667 874 717 periculo
913 680 1056 716 magno
1097 674 1179 704 tum
1215 665 1331 703 etiam
1371 664 1517 703 maiore

192 731 351 781 periculi
382 733 485 769 sama
512 731 736 778 dimicabat,
761 732 809 779 Q.
833 730 992 769 Cassius
1020 730 1233 780 Longinus,
1256 730 1295 767 in
1322 730 1517 780 Hispania

191 810 261 846 pro
282 804 458 846 praetore
486 795 710 846 provinciae
730 795 919 833 ulterioris
941 795 1180 833 obtinendae
1207 808 1323 833 causa
1348 795 1514 841 relictus,

191 861 271 898 sive
310 860 598 899 consuetudine
636 868 796 898 naturae
831 873 923 898 suae
956 860 1035 898 sive
1070 860 1163 898 odio
1195 860 1303 909 quod
1333 859 1373 896 in
1412 859 1515 897 illam
1539 870 1579 892 10

191 925 431 975 provinciam
467 932 690 974 susceperat
721 932 904 974 quaestor
932 938 978 962 ex
1011 924 1161 962 insidiis
1193 923 1247 962 ibi
1282 925 1514 970 vulneratus,

191 1003 350 1039 magnas
372 989 437 1028 odi
460 989 518 1027 sui
544 991 686 1027 fecerat
712 989 968 1036 accessiones,
992 990 1100 1038 quod
1120 990 1180 1027 vel
1205 1002 1251 1026 ex
1277 988 1518 1027 conscientia

190 1068 269 1101 sua,
305 1068 393 1092 cum
435 1055 483 1092 de
524 1068 564 1092 se
600 1061 737 1091 mutuo
776 1053 917 1091 sentire
956 1053 1196 1103 provinciam
1236 1054 1421 1100 crederet,
1458 1054 1517 1091 vel

191 1119 322 1156 multis
371 1118 489 1168 signis
533 1126 570 1156 et
613 1117 845 1156 testimoniis
891 1131 1025 1156 eorum
1066 1117 1132 1167 qui
1177 1117 1383 1155 difficulter
1427 1117 1517 1155 odia

190 1184 489 1222 dissimulabant
528 1183 704 1221 animum
743 1183 944 1221 advertere
983 1190 1143 1232 poterat,
1185 1189 1222 1220 et
1262 1195 1517 1232 compensare
1540 1192 1577 1223 15

191 1248 448 1286 offensionem
476 1247 700 1298 provinciae
730 1246 918 1285 exercitus
948 1260 1080 1285 amore
1110 1246 1303 1296 cupiebat.
1365 1248 1515 1296 Itaque,

190 1326 279 1351 cum
301 1313 469 1363 primum
492 1312 531 1350 in
554 1326 677 1350 unum
705 1314 835 1349 locum
863 1311 1073 1350 exercitum
1100 1311 1298 1358 conduxit,
1322 1311 1517 1349 sestertios

190 1388 377 1416 centenos
409 1377 597 1415 militibus
628 1384 685 1415 est
719 1376 926 1427 pollicituS‚
958 1390 1031 1415 nec
1068 1378 1191 1414 multo
1226 1384 1325 1426 post,
1358 1389 1447 1414 cum
1477 1375 1517 1413 in

192 1442 393 1481 Lusitania
430 1443 715 1492 Medobregam
750 1441 941 1491 oppidum
973 1449 1230 1491 montemque
1265 1441 1516 1479 Herminium

190 1515 459 1557 expugnasset,
492 1521 572 1557 quo
609 1507 943 1556 leIedobregenses
979 1507 1244 1556 confugerant,
1278 1506 1412 1555 ibique
1450 1505 1518 1543 im-
1539 1517 1578 1539 20

191 1580 344 1622 perator
365 1580 466 1610 esset
490 1573 718 1622 appellatus,
751 1571 934 1609 sestertiis
965 1571 1140 1609 centenis
1174 1570 1314 1608 milites
1344 1570 1514 1609 donavit.

153 1649 170 1679 3
194 1638 321 1675 Multa
359 1645 558 1687 praeterea
591 1644 628 1674 et
663 1649 803 1685 magna
842 1636 1013 1685 praemia
1051 1635 1211 1685 singulis
1250 1637 1518 1683 concedebat3

191 1714 291 1750 quae
326 1701 548 1751 speciosum
583 1701 800 1738 reddebant
832 1708 1076 1749 praesentem
1109 1699 1298 1738 exercitus
1329 1713 1515 1747 amorem,

190 1766 377 1816 paulatim
408 1774 540 1804 tamen
570 1774 607 1804 et
638 1767 791 1803 occulte
826 1765 1031 1803 militarem
1062 1765 1310 1815 disciplinam
1341 1765 1517 1803 severita-

153 1260 168 1281 Q.)

189 1839 349 1880 temque
376 1831 618 1868 minuebant.
1538 1840 1576 1872 25

111 1901 168 1939 49
244 1895 403 1934 Cassius
424 1895 643 1946 legionibus
664 1895 702 1932 in
724 1894 888 1933 hiberna
914 1894 1113 1945 dispositis
1139 1896 1189 1933 ad
1217 1895 1275 1933 ius
1303 1894 1516 1933 dicendum

191 1961 419 1999 Cordubam
459 1974 500 1998 se
539 1962 684 2009 recepit
723 1967 1047 2009 contractumque
1086 1960 1124 1997 in
1160 1973 1204 1998 ea
1242 1973 1307 1998 aes
1345 1959 1516 1998 alienum

188 2025 422 2074 gravissimis
453 2025 637 2063 oneribus
667 2024 890 2074 provinciae
920 2024 1121 2063 constituit
1151 2026 1374 2071 exsolvere3
1408 2032 1445 2062 et
1475 2032 1516 2062 ut

189 2089 400 2139 largitionis
448 2091 619 2139 postulat
667 2089 924 2135 consuetudo,
966 2102 1034 2138 per
1072 2102 1229 2127 causam
1277 2089 1515 2127 liberalitatis

152 2166 167 2187 2
190 2154 407 2203 speciosam
435 2156 545 2204 plura
574 2154 742 2204 largitori
767 2154 1064 2203 quaerebantur.
1125 2153 1320 2191 Pecuniae
1347 2155 1516 2203 locuple·
1535 2165 1578 2196 30

189 2218 293 2257 tibus
324 2219 626 2268 imperabantur,
650 2232 746 2268 quas
773 2218 975 2268 Longinus
1002 2218 1075 2256 sibi
1104 2231 1292 2267 expensas
1320 2218 1406 2256 ferri
1434 2231 1515 2256 non

236 2333 248 2352 I
277 2322 475 2352 brevissimo
499 2321 527 2350 T
638 2331 674 2351 12
700 2322 787 2360 quod
804 2320 857 2351 vel
874 2321 942 2352 edd.
960 2333 965 2351 ε
992 2331 1058 2360 quo
1074 2320 1126 2351 vel
1144 2319 1182 2350 X
1290 2321 1328 2350 18
1351 2325 1425 2360 post
1442 2330 1516 2351 cum

188 2365 256 2396 add.
276 2377 281 2395 :
307 2371 484 2403 postquam
503 2364 538 2393 X
648 2375 687 2403 19
713 2365 951 2404 Medobregam
969 2363 1006 2393 Χ
1122 2375 1163 2394 20
1188 2363 1467 2403 Medobrigenses
1483 2362 1518 2393 X

189 2419 227 2446 25
255 2408 449 2439 minuebant
466 2408 512 2439 ed.
529 2414 579 2448 pr.
595 2419 600 2437 z
628 2408 798 2438 minuebat
816 2407 853 2437 X
981 2418 1020 2447 27
1048 2408 1081 2437 in
1099 2417 1138 2438 ea
1155 2406 1208 2437 X:
1234 2412 1334 2438 antea
1351 2407 1487 2447 Madvig
