1705 2729
336 136 409 171 DE
440 134 619 172 BELLO
649 132 1064 170 ALEXANDRINO
1095 133 1265 169 LIBER

139 251 262 283 totum
297 256 396 282 onus
437 243 624 280 sustinere
662 255 742 280 non
780 241 1021 286 recusabant,
1063 255 1112 278 ne
1151 242 1259 290 quod
1299 254 1455 279 suorum

138 310 251 357 culpa
267 306 542 345 detrimentum
557 313 760 356 acceptum
775 305 978 343 videretur.
1040 307 1101 343 Ita
1116 304 1307 354 proelium
1324 318 1458 342 secun-
1477 320 1495 348 4

137 371 339 410 dissimum
361 371 592 408 estfactum.
652 371 777 419 Capta
806 377 863 407 est
889 382 967 406 una
988 368 1159 407 hostium
1189 368 1456 418 quadriremis,

137 437 318 485 depressa
337 442 394 472 est
415 436 542 480 altera,
565 436 665 472 duae
686 433 870 472 omnibus
896 432 1062 482 epibatis
1083 434 1252 471 nudatae
1270 447 1280 480 ,·
1318 446 1460 482 magna

100 511 116 541 5
137 506 332 549 praeterea
352 498 562 536 multitudo
592 498 630 535 in
658 497 814 547 reliquis
844 496 1008 534 navibus
1039 504 1372 547 propugnatorum
1401 504 1459 534 est

137 562 345 601 interfecta.
406 563 525 610 Quod
555 562 627 599 nisi
655 575 731 600 nox
760 561 951 611 proelium
978 561 1206 607 diremisset,
1231 568 1312 599 tota
1335 562 1457 598 classe
1478 574 1493 603 5

136 626 306 664 hostium
341 628 483 665 Caesar
517 626 662 676 potitus
696 633 805 663 esset.
867 627 956 663 Hac
995 625 1214 663 calamitate
1248 624 1456 675 perterritis
1477 634 1496 664 6

137 690 313 728 hostibus
333 691 495 728 adverso
516 698 632 728 vento
662 689 798 727 leniter
818 691 935 727 flante
962 689 1071 727 navis
1098 689 1292 728 onerarias
1314 690 1458 728 Caesar

136 755 307 792 remulco
328 753 549 792 victricibus
571 753 648 791 suis
670 753 833 791 navibus
854 754 1141 791 Alexandream
1161 753 1333 791 deducit.

80 829 117 851 10
190 819 250 855 Eo
269 817 504 856 detrimento
524 819 623 856 adeo
645 824 734 855 sunt
753 817 862 855 fracti
878 817 1143 864 Alexandrini,
1166 831 1256 855 cum
1277 817 1354 855 iam
1376 830 1456 856 non
1477 824 1520 851 12

136 881 272 919 virtute
293 889 635 932 propugnatorum,
664 882 733 920 sed
763 881 924 919 scientia
951 881 1235 920 classiariorum
1263 895 1303 919 se
1334 881 1457 920 victos

134 945 318 991 viderent,
343 945 508 995 †quibus
533 953 571 984 et
598 945 860 995 superioribus
887 945 982 983 locis
1012 946 1325 991 sublevabantur,
1349 954 1391 984 ut
1412 960 1457 984 cx

133 1009 319 1047 aedificiis
347 1009 505 1048 defendi
535 1013 718 1059 possent†
739 1017 777 1047 et
802 1009 1002 1048 materiam
1032 1017 1214 1048 cunctam
1243 1010 1454 1056 obicerent,

133 1074 241 1122 quod
262 1081 415 1112 nostrae
439 1074 571 1112 classis
601 1073 933 1124 oppugnationem
961 1074 1077 1112 etiam
1108 1075 1157 1112 ad
1186 1082 1324 1112 terram
1355 1088 1457 1112 vere-

78 1150 114 1181 15
134 1137 282 1175 bantur.
345 1139 467 1184 Idem,
492 1145 627 1187 postea
648 1151 765 1187 quarn
789 1139 1039 1187 Ganymedes
1064 1137 1103 1175 in
1131 1138 1299 1176 concilio
1320 1139 1456 1176 confir-
1479 1155 1492 1176 2

134 1201 251 1238 mavit
289 1214 372 1240 sese
411 1209 449 1240 et
494 1215 557 1240 eas
600 1215 700 1251 quae
742 1210 871 1240 essent
910 1202 1074 1240 amissae
1114 1202 1378 1240 restituturum
1418 1211 1457 1241 et

133 1277 337 1303 numerum
357 1267 625 1312 adaucturum,
649 1279 790 1316 magna
810 1279 878 1316 spe
908 1274 945 1304 et
967 1266 1110 1304 fiducia
1130 1273 1278 1304 veteres
1299 1268 1456 1306 reficere

132 1328 239 1367 navis
269 1330 563 1380 accuratiusque
595 1330 685 1368 huic
719 1330 771 1368 rei
806 1331 961 1368 studere
992 1337 1109 1380 atque
1139 1330 1321 1369 inservire
1350 1331 1455 1369 insti-

133 1400 296 1431 tuerunt.
356 1396 415 1432 Ac
452 1394 604 1432 tametsi
636 1394 803 1444 amplius
833 1406 886 1432 cx
919 1394 1083 1433 navibus
1113 1394 1239 1445 longis
1269 1395 1307 1432 in
1338 1404 1453 1446 portu
1474 1410 1491 1440 3

74 1471 114 1493 20
132 1457 412 1508 navalibusque
459 1458 678 1505 amiserant,
727 1472 807 1497 non
857 1466 987 1497 tamen
1036 1460 1273 1509 reparandae
1321 1460 1453 1498 classis

131 1520 406 1571 cogitationem
450 1524 725 1573 deposuerunt.
785 1525 820 1559 V
824 1522 985 1561 idebant
1032 1523 1137 1561 enim
1185 1537 1265 1562 non
1313 1524 1455 1563 auxilia
1473 1537 1494 1566 4

132 1585 296 1632 Caesari,
339 1600 419 1625 non
458 1594 700 1626 commeatus
739 1587 955 1637 supportari
994 1600 1118 1637 posse,
1156 1587 1187 1624 si
1226 1589 1347 1626 classe
1382 1588 1455 1638 ipsi

131 1650 300 1688 valerent
318 1666 327 1698 3
370 1659 567 1701 praeterea
596 1651 742 1690 nautici
771 1650 952 1689 homines
974 1651 1078 1689 urbis
1100 1658 1137 1689 et
1158 1651 1324 1701 regionis
1347 1653 1455 1692 mari-

131 1712 247 1752 timae
281 1715 560 1765 cotidianoque
590 1729 662 1754 usu
691 1729 714 1754 a
742 1715 872 1765 pueris
902 1715 1097 1754 exercitati
1127 1716 1177 1754 ad
1207 1718 1380 1755 naturale
1409 1731 1454 1756 ac

75 1791 111 1823 25
130 1778 391 1817 domesticum
412 1780 561 1818 bonum
587 1781 757 1830 refugere
784 1779 995 1829 cupiebant
1016 1787 1053 1817 et
1074 1787 1265 1829 quantum
1286 1782 1454 1830 parvulis

129 1842 290 1892 navigiis
329 1843 582 1893 profecissent
627 1843 875 1891 sentiebant,
917 1844 1048 1894 itaque
1087 1844 1195 1883 omni
1234 1845 1365 1884 studio
1403 1848 1454 1885 ad

95 1960 97 1962 Ι
129 1908 341 1956 parandam
363 1909 527 1946 classem
548 1907 819 1946 incubuerunt.

184 1973 303 2009 Erant
342 1971 526 2010 omnibus
565 1972 672 2011 ostiis
712 1972 792 2010 Nili
831 1972 1032 2011 custodiae
1071 1972 1249 2023 exigendi
1293 1974 1451 2025 portorii
1473 1982 1516 2019 13

130 2047 246 2074 causa
277 2035 512 2086 dispositae;
561 2050 678 2075 naves
713 2044 860 2075 veteres
899 2045 1007 2075 erant
1045 2037 1085 2075 in
1124 2037 1287 2076 occultis
1327 2039 1452 2089 regiae

173 2149 192 2176 4
216 2138 329 2177 altera,
346 2140 432 2170 duae
449 2139 634 2171 Turnebus:
665 2140 772 2171 altera
790 2141 913 2172 deinde
930 2142 952 2175 β
967 2153 973 2171 :
1003 2141 1143 2182 alteraq-
1160 2146 1240 2182 ptur
1258 2142 1381 2173 deinde
1400 2143 1452 2174 D:

130 2181 245 2221 altera,
264 2187 403 2222 apertae
421 2184 575 2214 undecim
593 2183 734 2214 Kuebler
824 2194 858 2214 11
879 2183 1143 2224 classiariorum]
1160 2185 1393 2225 navigatorum
1407 2186 1453 2216 Ll

134 2234 170 2253 12
188 2228 264 2264 post
278 2225 400 2264 quibus
419 2227 574 2257 lacunam
598 2226 689 2258 indic.
708 2227 905 2268 Nipperdey:
933 2232 967 2258 ut
983 2228 1037 2257 vix
1055 2239 1097 2258 ex
1114 2228 1187 2259 aed.
1209 2229 1273 2259 def.
1299 2238 1398 2268 posse
1415 2240 1452 2260 se

130 2268 350 2307 confiderent,
368 2279 421 2308 qu.
443 2274 475 2300 et
492 2279 563 2309 sup.
586 2270 645 2301 loc.
666 2270 792 2302 sublev.
812 2270 925 2301 Dinter
1079 2281 1118 2310 19
1141 2281 1184 2302 cx
1200 2271 1332 2302 Aldus:
1360 2283 1403 2302 ex
1418 2272 1457 2302 X

130 2321 171 2340 20
194 2310 375 2342 amiserant
390 2312 520 2343 Aldus:
552 2314 712 2344 miserant
728 2312 766 2343 X
905 2323 946 2344 22
971 2313 1110 2345 Caesari
1127 2313 1332 2355 Stephanus:
1368 2315 1450 2346 Cae-

130 2354 213 2383 saris
230 2353 267 2382 X
395 2365 436 2394 23
461 2355 634 2395 religionis
651 2356 739 2387 D‘U‘
