1705 2729
621 145 663 182 C.
699 144 814 181 IVLI
847 144 1115 181 CAESARIS

206 255 411 305 imperium
446 254 578 305 populi
623 254 791 291 Romani
828 261 1066 304 pugnaturos
1106 261 1301 302 negarent,
1343 254 1530 303 oppidani

204 327 335 358 autem
377 319 493 358 etiam
534 332 603 357 sua
645 326 786 368 sponte
826 320 1033 357 Caesarem
1075 318 1245 367 recipcre
1285 328 1528 366 conarentur,

203 384 416 434 desperatis
441 384 626 422 omnibus
650 383 800 421 auxiliis
830 391 960 433 portas
987 382 1137 432 aperuit
1158 391 1195 420 et
1219 396 1259 421 se
1285 391 1403 433 atque
1424 383 1531 433 oppi-

204 451 298 487 dum
322 448 477 487 Caesari
500 448 652 486 dedidit
676 447 962 497 incolumisque
982 448 1034 485 ab
1054 461 1101 485 eo
1122 455 1371 486 conservatus
1393 456 1460 486 est.

141 525 184 552 12
260 515 437 562 Recepto
459 514 603 551 Caesar
624 512 742 550 Orico
764 514 870 550 nulla
894 511 1121 561 interposita
1149 524 1257 549 mora
1278 512 1529 561 Apolloniam
1552 529 1568 558 .-'·

203 578 469 628 proficiscitur.
532 577 626 616 Eius
664 578 835 615 adventu
874 577 1009 615 audito
1050 579 1091 615 L.
1130 576 1337 623 Staberius‚
1372 577 1439 626 qui
1476 576 1530 614 ibi

203 651 386 693 praeerat,
424 656 567 693 aquam
600 650 846 692 comportare
881 642 919 679 in
952 655 1081 680 arcem
1114 649 1231 691 atque
1261 654 1347 679 eam
1380 640 1531 679 munire

167 708 442 758 2obsidesque
486 708 537 745 ab
583 706 901 757 Apolloniatibus
947 706 1097 756 exigere
1139 705 1279 755 coepit.
1340 705 1402 743 Illi
1440 718 1531 743 vero

202 775 361 811 daturos
388 785 429 810 se
454 785 594 822 negare
619 784 747 821 neque
771 779 901 821 portas
929 770 1081 809 consuli
1109 771 1378 820 praeclusuros
1402 782 1531 819 neque

201 838 273 875 sibi
309 837 497 876 iudicium
532 844 756 886 sumpturos
790 843 926 874 contra
956 844 1074 886 atque
1106 835 1233 873 omnis
1267 835 1379 873 Italia
1410 848 1532 885 popu-
1554 847 1592 869 10

166 906 340 953 3lusque
373 904 578 941 Romanus
612 901 871 939 iudicavisset.
932 902 1111 949 Quorum
1146 900 1302 950 cognita
1332 902 1532 938 voluntate

202 970 302 1006 clam
324 967 493 1017 profugit
515 966 727 1016 Apollonia
748 965 957 1003 Staberius.
1010 965 1070 1003 Illi
1091 966 1141 1003 ad
1159 966 1367 1003 Caesarem
1384 966 1531 1014 legatos

164 1048 183 1078 4
204 1032 362 1069 mittunt
383 1031 612 1081 oppidoque
633 1029 835 1079 recipiunt.
891 1031 979 1067 Hos
1001 1036 1218 1079 sequuntur
1240 1029 1484 1078 Byllidenses
1499 1035 1536 1066 et

202 1098 403 1137 Amantini
437 1106 474 1136 et
506 1097 676 1147 reliquae
708 1096 896 1134 finitimae
928 1096 1102 1134 civitates
1132 1103 1292 1146 totaque
1324 1096 1464 1146 Epirus
1494 1104 1532 1134 et

202 1163 336 1213 legatis
366 1164 416 1201 ad
448 1164 657 1202 Caesarem
688 1162 824 1208 missis,
852 1175 952 1212 quae
983 1161 1199 1211 imperaret,
1226 1162 1394 1199 facturos
1424 1161 1532 1211 polli-
1555 1176 1591 1207 15

202 1237 348 1267 centur.

139 1303 182 1340 13
258 1298 310 1333 At
341 1294 564 1344 Pompeius,
598 1293 762 1344 cognitis
793 1293 852 1330 his
883 1293 998 1330 rebus
1020 1305 1120 1342 quae
1148 1299 1255 1330 erant
1278 1292 1383 1331 Orici
1413 1299 1531 1342 atque

202 1359 437 1410 Apolloniae
458 1366 601 1407 gestae,
622 1357 839 1407 Dyrrachio
857 1357 998 1395 timens
1021 1356 1169 1395 diurnis
1187 1370 1234 1395 eo
1250 1356 1531 1407 nocturnisque

165 1444 179 1464 2
202 1424 404 1463 itineribus
434 1423 648 1462 contendit.
711 1423 833 1461 Simul
865 1424 1009 1461 Caesar
1038 1421 1353 1472 appropinquare
1377 1422 1531 1460 diceba-

203 1497 288 1537 tur3
318 1496 527 1538 tantusque
553 1496 673 1526 terror
700 1487 837 1526 incidit
859 1487 940 1525 eius
963 1486 1157 1533 exercitui,
1182 1488 1290 1536 quod
1318 1500 1530 1537 properans
1554 1502 1591 1524 20

201 1562 359 1592 noctem
390 1553 467 1592 diei
499 1552 753 1590 coniunxerat
784 1565 912 1602 neque
942 1551 1013 1589 iter
1043 1551 1311 1597 intermiserat,
1334 1558 1375 1589 ut
1405 1564 1530 1601 paene

201 1632 338 1657 omnes
363 1632 409 1657 ex
432 1617 551 1668 Epiro
578 1617 832 1667 finitimisque
864 1616 1088 1667 regionibus
1120 1616 1228 1666 signa
1253 1616 1527 1666 relinquerent,

201 1685 421 1734 complures
451 1696 558 1721 arma
588 1682 807 1733 proicerent
837 1695 883 1720 ac
923 1683 1036 1731 fugae
1067 1681 1192 1719 simile
1222 1681 1293 1718 iter
1322 1680 1526 1719 videretur.

164 1765 181 1794 3
201 1749 278 1786 Sed
299 1761 387 1786 cum
410 1761 532 1798 prope
555 1747 813 1796 Dyrrachium
836 1746 1048 1796 Pompeius
1070 1744 1306 1784 constitisset
1327 1751 1530 1794 castraque

201 1813 335 1851 metari
375 1812 559 1858 iussisset,
602 1811 804 1861 perterrito
844 1811 960 1849 etiam
1010 1818 1092 1849 tum
1133 1809 1302 1849 exercitu
1347 1808 1528 1859 princeps
1551 1826 1588 1857 25

201 1878 398 1916 Labienus
420 1876 597 1927 procedit
618 1877 796 1925 iuratque
814 1889 854 1914 se
871 1889 961 1914 eum
978 1888 1057 1913 non
1079 1876 1323 1913 deserturum
1340 1875 1528 1912 eundem-

200 1956 277 1992 que
312 1956 444 1980 casum
481 1942 712 1988 subiturum,
744 1954 1037 1991 quemcumque
1069 1940 1103 1978 ei
1134 1941 1288 1978 fortuna
1318 1939 1524 1978 tribuisset.

161 2021 181 2050 4
202 2009 294 2045 Hoc
315 2006 578 2056 idemreliqui
608 2006 735 2044 iurant
760 2006 902 2055 legati3
933 2007 1004 2043 hos
1032 2004 1177 2043 tribuni
1201 2004 1367 2042 militum
1396 2012 1527 2042 centu-

200 2073 407 2123 rionesque
446 2079 673 2122 sequuntur,
714 2078 832 2121 atque
876 2070 980 2109 idem
1025 2069 1153 2108 omnis
1188 2068 1377 2107 exercitus
1416 2068 1523 2107 iurat.

242 2186 261 2205 2
285 2180 395 2206 autem
413 2174 530 2215 etiam]
543 2174 646 2205 etiarn
659 2179 773 2204 autem
786 2173 826 2202 L¹
844 2184 849 2202 :
880 2178 991 2203 autem
1008 2183 1071 2202 om.
1092 2171 1152 2202 A²6
1240 2172 1260 2200 6
1286 2170 1462 2201 Staberius
1483 2171 1525 2201 T:

201 2219 394 2249 Straberius
411 2222 476 2248 cell.
615 2228 654 2248 10
679 2217 888 2257 populusque
906 2214 1097 2255 Romanus]
1119 2225 1149 2254 p.
1169 2214 1210 2246 R.
1229 2214 1315 2245 codd.
1335 2226 1341 2245 :
1366 2213 1421 2245 del.
1440 2214 1531 2245 Paul

203 2273 240 2292 12
267 2262 441 2292 Staberius
457 2261 538 2291 LT:
566 2261 759 2291 Straberius
773 2264 835 2290 cett.
931 2270 968 2298 13
994 2259 1068 2289 Hos
1081 2270 1113 2290 1¹:
1142 2258 1217 2288 Hoc
1234 2257 1271 2287 X
1355 2262 1389 2288 et
1400 2256 1526 2288 Aman-

199 2306 260 2336 tini
280 2306 464 2335 Cim-conius
480 2317 486 2335 :
512 2305 612 2335 Amat
631 2309 672 2341 ttt
694 2304 748 2333 Ur
767 2305 786 2333 h
808 2305 885 2344 (om.
912 2302 952 2339 VJ·
972 2303 1015 2333 ini
1035 2301 1071 2331 X
1161 2312 1199 2339 19
1225 2301 1371 2331 Simul..
1390 2302 1527 2332 .incidit

199 2360 263 2379 om.
283 2348 327 2378 D‘
417 2349 511 2379 simul
530 2348 617 2379 codd.
636 2358 703 2378 recc.
721 2358 726 2376 z
752 2347 847 2377 simul
864 2357 901 2377 ac
923 2348 946 2380 β
1093 2355 1134 2375 20
1158 2344 1323 2374 exercitui
1344 2344 1402 2374 ],’-’;
1428 2354 1524 2373 exer-

200 2393 284 2423 citus
302 2392 338 2421 X
469 2402 508 2422 22
534 2402 575 2421 ex
589 2391 710 2428 Jm‘in:
739 2391 770 2420 in
789 2388 826 2418 X
