1705 2729
442 142 515 179 DE
547 141 726 179 BELLO
757 140 934 179 CIVILI
966 139 1068 176 LIB.
1103 139 1167 176 ΙΙΙ

147 264 230 289 rum
247 250 495 300 impediebat.
547 252 725 298 Quorum
743 249 916 288 studium
932 248 1249 298 alacritatemque
1263 246 1463 297 pugnandi
1483 261 1501 291 4

147 329 236 354 cum
260 315 504 364 cognovisset
533 314 675 364 Scipio,
698 313 915 363 suspicatus
944 315 1026 351 fore
1056 322 1097 351 ut
1126 320 1282 363 postero
1306 312 1371 351 die
1400 319 1465 349 aut

147 379 287 417 invitus
308 378 493 416 dimicare
513 385 714 427 cogeretur
733 385 799 415 aut
819 391 960 427 magna
980 390 1069 415 cum
1090 376 1249 414 infamia
1269 375 1401 414 castris
1425 388 1466 412 se

146 442 372 489 contineret,
407 442 474 492 qui
507 455 648 492 magna
678 441 968 491 exspectatione
996 441 1175 487 venisset,
1208 448 1352 478 temere
1383 452 1467 489 pro-

110 523 127 554 5
146 519 296 556 gressus
323 514 474 556 turpem
505 506 640 543 habuit
664 505 809 543 exitum
840 512 878 542 et
907 512 1026 543 noctu
1056 517 1185 554 neque
1214 502 1467 542 conclamatis

147 569 307 619 quidem
324 571 423 609 vasis
443 572 590 608 flumen
611 570 760 608 transiit
780 577 898 619 atque
914 569 953 607 in
969 571 1136 608 eandem
1158 576 1306 619 partem
1328 582 1374 606 ex
1390 581 1468 617 qua

148 643 304 673 venerat
327 635 440 674 rediit
464 635 597 684 ibique
624 648 746 685 prope
772 636 920 672 flumen
947 634 1054 673 edito
1078 642 1215 672 natura
1234 635 1322 671 loco
1343 640 1467 671 castra

149 699 288 748 posuit.
347 699 486 738 Paucis
516 699 655 738 diebus
683 698 920 748 interpositis
950 706 1069 736 noctu
1100 697 1259 735 insidias
1289 696 1465 746 equitum
1485 708 1502 738 5

150 764 353 802 collocavit
373 777 451 814 quo
467 764 506 802 in
521 765 608 802 loco
624 750 886 813 superioribus
903 764 981 801 fere
1001 763 1141 801 diebus
1157 761 1277 800 nostri
1292 760 1468 812 pabulari

95 842 130 863 10
150 836 383 867 consuerant
399 843 409 876 3
438 836 487 875 et,
509 842 598 866 cum
620 827 817 866 cotidiana
837 827 1122 866 consuetudine
1144 829 1191 875 Q.
1210 829 1347 873 Varus,
1365 840 1470 876 prae-

150 894 271 930 fectus
316 892 491 942 equitum
536 892 696 939 Domiti,
738 892 918 938 venisset,
959 891 1089 930 subito
1134 891 1187 929 illi
1232 906 1278 930 ex
1319 891 1470 929 insidiis

149 965 481 996 consurrexerunt.
532 959 610 996 Sed
631 957 751 995 nostri
772 956 918 995 fortiter
938 956 1127 1006 impetum
1149 969 1283 995 eorum
1300 957 1470 994 tulerunt
1489 958 1508 990 6

149 1021 401 1071 celeriterque
438 1023 487 1060 ad
530 1035 620 1060 suos
659 1021 825 1071 quisque
863 1020 1018 1059 ordines
1061 1020 1172 1075 rediit
1211 1028 1328 1069 atque
1370 1021 1471 1058 ultro

151 1084 318 1123 universi
347 1085 386 1123 in
408 1085 528 1124 hostis
556 1085 746 1135 impetum
768 1087 952 1123 fecerunt.
1013 1087 1071 1122 Ex
1100 1084 1159 1122 his
1180 1084 1330 1122 circiter
1357 1095 1471 1121 LXXX
1493 1093 1509 1126 7

94 1164 130 1195 15
152 1149 371 1196 interfectis,
404 1149 560 1199 reliquis
592 1149 630 1187 in
665 1151 795 1199 fugam
830 1148 1028 1195 coniectis,
1060 1149 1216 1187 duobus
1250 1148 1401 1187 amissis
1432 1148 1471 1186 in

151 1221 275 1252 castra
294 1227 336 1252 se
355 1222 593 1264 receperunt.

206 1278 281 1317 His
297 1279 412 1317 rebus
432 1278 548 1328 gestis
575 1278 772 1317 Domitius
800 1292 959 1328 sperans
980 1278 1205 1328 Scipionem
1226 1279 1277 1317 ad
1301 1291 1472 1329 pugnam
1491 1275 1542 1323 38

151 1343 238 1381 elici
258 1356 372 1393 posse
388 1343 582 1382 simulavit
602 1357 687 1382 sese
702 1343 888 1393 angustiis
905 1343 957 1381 rei
971 1343 1244 1382 frumentariae
1257 1345 1474 1382 adductum

152 1415 276 1446 castra
296 1422 452 1447 movere
473 1408 653 1458 vasisque
675 1408 829 1446 militari
850 1422 957 1447 more
976 1409 1229 1447 conclamatis
1251 1422 1475 1460 progressus

95 1485 134 1507 20
153 1471 258 1510 milia
277 1485 462 1522 passuum
484 1485 529 1510 111
558 1474 646 1511 loco
675 1472 821 1511 idoneo
842 1480 880 1511 et
906 1474 1062 1511 occulto
1083 1486 1242 1512 omnem
1264 1473 1475 1512 exercitum

153 1536 447 1587 equitatumque
485 1536 699 1575 collocavit.
777 1536 909 1586 Scipio
946 1539 997 1576 ad
1036 1540 1282 1588 sequendum
1320 1546 1476 1588 paratus
1498 1555 1512 1576 2

153 1599 329 1649 equitum
360 1614 541 1651 magnam
577 1608 726 1650 partem
760 1602 811 1639 ad
841 1603 1123 1651 explorandum
1154 1603 1225 1641 iter
1255 1603 1405 1642 Domiti
1439 1611 1478 1642 et

154 1666 473 1714 cognoscendum
494 1665 702 1715 praemisit.
755 1665 834 1714 Qui
851 1679 940 1704 cum
958 1670 1087 1705 essent
1107 1668 1297 1718 progressi
1318 1668 1479 1718 primae·
1498 1678 1515 1707 3

155 1742 232 1778 que
251 1736 401 1767 turmae
426 1729 585 1768 insidias
615 1730 872 1777 intravissent,
895 1744 941 1769 ex
967 1731 1121 1770 fremitu
1142 1745 1332 1782 equorum
1360 1732 1479 1771 inlata

98 1806 135 1838 25
156 1792 378 1842 suspicione
396 1795 447 1832 ad
468 1807 558 1832 suos
579 1808 620 1832 se
640 1795 811 1845 recipere
832 1804 1054 1845 coeperunt,
1079 1796 1225 1846 quique
1252 1798 1324 1835 hos
1345 1810 1480 1846 seque-

156 1857 297 1895 bantur
317 1859 481 1896 celerem
502 1872 635 1897 eorum
657 1867 858 1910 receptum
881 1861 1097 1911 conspicati
1117 1861 1348 1900 restiterunt.
1399 1863 1478 1900 No·
1495 1875 1515 1906 4

156 1920 223 1959 stri
243 1921 406 1970 cognitis
427 1921 658 1976 †[hostium]
680 1923 842 1971 insidiis,
860 1939 909 1964 ne
931 1927 1069 1964 frustra
1090 1926 1259 1976 reliquos
1284 1934 1479 1976 exspecta-

155 1993 251 2032 rent,
266 1987 363 2024 duas
383 1986 488 2025 nacti
508 1994 653 2026 turmas
674 1996 920 2038 exceperunt.
982 1991 1029 2028 In
1050 1990 1109 2028 his
1129 1989 1201 2028 fuit
1222 1992 1277 2028 M.
1297 1989 1479 2040 Opimius

156 2051 374 2098 praefectus
394 2050 580 2101 equitum.
642 2052 857 2102 Reliquos†
877 2053 1005 2092 omnis
1026 2067 1158 2092 earum
1180 2062 1392 2093 turmarum
1412 2061 1480 2093 aut

100 2125 139 2156 30
158 2112 433 2152 interfecerunt
451 2123 517 2153 aut
538 2123 673 2165 captos
693 2118 743 2155 ad
766 2116 986 2155 Domitium
1007 2119 1262 2157 deduxerunt.

202 2225 222 2254 4
245 2215 384 2256 magna]
396 2227 469 2248 cum
484 2217 662 2256 magnaE:
685 2228 807 2257 magna
825 2229 899 2248 cum
918 2229 936 2247 ν
1020 2229 1039 2258 5
1063 2230 1173 2259 neque
1185 2218 1234 2251 X:
1254 2231 1296 2252 ne
1308 2220 1394 2253 codd.
1409 2231 1478 2253 recc.

163 2267 198 2288 11
224 2259 270 2289 illi
287 2270 351 2289 om.
370 2259 414 2289 D‘
517 2271 558 2290 20
582 2261 674 2301 loco]
692 2262 726 2291 in
745 2262 819 2291 loco
835 2261 899 2291 LF
998 2273 1039 2292 22
1064 2264 1212 2302 equitum
1230 2275 1385 2303 magnam
1402 2264 1480 2304 Nip-

154 2301 285 2341 perdey:
310 2303 495 2341 equitatum
514 2313 736 2343 magnamque
750 2304 920 2343 (magnam
938 2303 1027 2342 V>X
1111 2317 1151 2345 27
1169 2307 1316 2337 hostium
1329 2307 1385 2338 del.
1401 2307 1481 2345 edd„

156 2348 231 2384 post
247 2345 334 2375 nacti
347 2350 416 2385 pos.
430 2345 546 2386 Menge
642 2348 683 2376 28
709 2352 918 2386 exceperunt
933 2351 962 2378 et
979 2348 1143 2387 Reliquos
1159 2349 1216 2380 del.
1232 2350 1423 2389 Hoffmann
1442 2350 1480 2380 In

161 2387 214 2418 his
231 2387 308 2427 fuit]
322 2387 420 2418 Unus
432 2389 515 2427 fugit
528 2389 685 2420 Rosclzer:
704 2390 859 2420 lacunam
876 2394 950 2421 ante
961 2391 998 2421 In
1010 2392 1166 2431 suspicati
1178 2393 1238 2423 aliz·
1250 2394 1345 2423 aliter
1359 2393 1482 2434 explent
