1705 2729
450 124 523 160 DE
555 123 733 160 BELLO
763 122 938 161 CIVILI
971 123 1072 158 LIB.
1106 123 1170 158 III

155 236 284 284 fugere
323 236 528 273 Caesarem
568 246 692 282 paene
730 232 913 270 omnibus
952 232 1074 281 copiis
1117 231 1278 270 amissis.
1358 233 1469 269 Haec

155 297 290 336 itinera
315 297 452 335 infesta
482 296 713 342 reddiderat,
736 297 833 334 haec
860 295 1032 334 civitates
1056 309 1135 334 non
1166 297 1291 333 nullas
1317 295 1367 333 ab
1388 295 1469 333 eius

153 360 322 399 amicitia
358 361 564 398 avertebat.
626 359 780 408 Quibus
810 359 951 398 accidit
985 360 1100 397 rebus
1134 367 1175 397 ut
1209 359 1383 409 pluribus
1417 359 1471 397 di·
1491 372 1507 402 5

154 424 259 463 missi
292 424 491 462 itineribus
521 438 544 462 a
573 425 740 464 Caesare
769 425 818 462 ad
851 423 1067 461 Domitium
1098 431 1135 461 et
1163 437 1186 461 a
1215 422 1391 461 Domitio
1420 423 1470 460 ad

117 500 133 531 5
154 491 360 529 Caesarem
392 491 497 527 nulla
531 489 679 528 ratione
711 488 781 526 iter
810 489 1001 526 conficere
1030 494 1199 537 possent.
1259 488 1337 525 Sed
1367 488 1471 524 Allo·
1489 492 1508 522 6

155 553 302 602 broges,
340 552 509 591 Roucilli
542 560 659 602 atque
693 552 764 601 Egi
796 551 1012 598 familiares,
1045 565 1143 601 quos
1177 550 1389 600 perfugisse
1420 551 1471 588 ad

155 616 386 666 Pompeium
417 616 781 662 demonstravimus,
815 615 1029 665 conspicati
1062 615 1101 653 in
1135 615 1272 653 itinere
1303 616 1472 664 explora-

154 687 254 719 tores
283 680 443 727 Domiti,
475 695 543 719 seu
573 681 734 730 pristina
764 695 833 719 sua
861 680 1156 726 consuetudine,
1188 681 1296 729 quod
1325 693 1403 717 una
1432 679 1470 716 in

154 744 280 783 Gallia
305 746 407 783 bella
432 754 640 795 gesserant,
665 760 732 784 seu
760 745 880 794 gloria
909 744 1009 790 elati,
1032 751 1173 782 cuncta
1196 751 1238 781 ut
1258 751 1367 782 erant
1386 751 1472 781 acta

99 819 135 840 10
154 816 413 858 exposuerunt
446 818 485 848 et
523 810 699 849 Caesaris
734 809 1027 859 profectionem,
1062 809 1274 846 adventum
1307 807 1470 856 Pompei

153 874 380 912 docuerunt.
440 876 476 912 A
495 874 637 924 quibus
660 873 857 912 Domitius
884 872 1022 911 certior
1048 873 1171 910 factus
1191 871 1253 909 vix
1274 883 1335 909 1111
1364 872 1472 909 hora·
1494 883 1509 915 7

154 951 237 976 rum
262 938 387 987 spatio
412 941 650 978 antecedens
680 938 851 977 hostium
882 937 1074 976 beneficio
1102 936 1319 986 periculum
1340 936 1473 974 vitavit

153 1010 191 1040 et
219 1003 269 1041 ad
290 1003 509 1053 Aeginium,
533 1005 640 1053 quod
670 1012 727 1042 est
757 1003 954 1042 obiectum
985 1001 1288 1051 oppositumque
1308 1002 1473 1039 Thessa-

154 1065 237 1113 liae,
261 1067 417 1106 Caesari
437 1068 607 1106 venienti
627 1067 802 1106 occurrit.

97 1137 134 1169 15
208 1131 431 1170 Coniuncto
461 1132 628 1169 exercitu
654 1134 797 1171 Caesar
824 1132 1029 1180 Gomphos
1059 1130 1243 1179 pervenit,
1276 1131 1383 1179 quod
1413 1137 1469 1167 est
1489 1133 1542 1169 80

153 1193 342 1244 oppidum
372 1195 540 1244 primum
569 1195 794 1234 Thessaliae
823 1194 1070 1233 venientibus
1103 1195 1153 1231 ab
1184 1193 1331 1243 Epiro,
1370 1207 1471 1243 quae

152 1270 246 1307 gens
275 1258 408 1308 paucis
437 1266 527 1298 ante
557 1259 757 1298 mensibus
788 1260 888 1297 ultro
914 1260 965 1297 ad
993 1260 1200 1298 Caesarem
1228 1260 1374 1307 legatos
1404 1258 1471 1296 mi-

153 1329 262 1368 serat,
285 1329 327 1360 ut
353 1322 431 1361 suis
461 1323 644 1363 omnibus
672 1322 920 1362 facultatibus
950 1330 1131 1369 uteretur,
1154 1322 1470 1372 praesidiumque

152 1386 202 1424 ab
236 1399 284 1425 eo
316 1386 482 1426 militum
520 1388 691 1437 petierat.
761 1389 838 1427 Sed
877 1401 924 1426 eo
958 1389 1061 1425 fama
1098 1386 1175 1425 iam
1210 1395 1470 1436 praecurrerat
1493 1401 1506 1421 2

97 1458 135 1481 20
153 1462 271 1499 quam
300 1463 415 1500 supra
442 1452 648 1490 docuimus
675 1454 725 1491 de
754 1452 902 1502 proelio
924 1451 1178 1501 Dyrrachino,
1201 1452 1309 1501 quod
1340 1451 1470 1489 multis

152 1522 309 1552 auxerat
327 1515 510 1565 partibus.
568 1518 706 1566 Itaque
727 1517 1035 1561 Androsthenes,
1057 1523 1211 1564 praetor
1231 1515 1468 1560 Thessaliae,
1491 1530 1508 1559 3

153 1591 243 1616 cum
264 1592 305 1617 se
324 1579 507 1618 victoriae
529 1580 692 1629 Pompei
712 1581 897 1618 comitem
918 1593 1002 1618 esse
1029 1581 1161 1618 mallet
1180 1593 1299 1629 quam
1320 1579 1469 1617 socium

154 1643 330 1682 Caesaris
361 1644 400 1682 in
430 1645 544 1683 rebus
575 1645 756 1692 adversis,
786 1659 944 1683 omnem
974 1658 1020 1683 ex
1048 1644 1147 1693 agris
1179 1644 1469 1683 multitudinem

154 1719 350 1745 servorum
381 1721 426 1746 ac
459 1708 669 1747 liberorum
699 1709 739 1747 in
770 1709 960 1758 oppidum
993 1708 1096 1757 cogit
1126 1716 1336 1758 portasque
1366 1721 1471 1757 prae-

95 1779 132 1811 25
154 1771 275 1809 cludit
295 1778 333 1809 et
351 1773 402 1810 ad
422 1773 646 1822 Scipionem
667 1773 979 1823 Pompeiumque
1007 1772 1165 1811 nuntios
1185 1772 1311 1819 mittit,
1335 1780 1377 1811 ut
1398 1773 1471 1811 sibi

153 1835 329 1874 subsidio
348 1836 527 1874 veniant:
566 1850 608 1876 se
627 1839 824 1876 confidere
850 1836 1134 1875 munitionibus
1154 1836 1301 1886 oppidi,
1324 1835 1355 1874 si
1375 1838 1471 1875 cele-

152 1899 241 1938 riter
259 1908 502 1939 succurratur
517 1914 527 1947 ;
551 1902 805 1951 longinquam
825 1901 1159 1951 oppugnationem
1180 1900 1368 1939 sustinere
1390 1915 1468 1939 non

151 1976 276 2013 posse.
335 1964 466 2014 Scipio
498 1964 672 2004 discessu
706 1965 944 2004 exercituum
976 1965 1028 2003 ab
1062 1965 1278 2014 Dyrrachio
1312 1965 1506 2014 cognito4

152 2028 324 2066 Larisam
347 2028 518 2078 legiones
538 2031 750 2068 adduxerat
765 2044 775 2077 ,-
810 2029 1020 2079 Pompeius
1041 2031 1219 2068 nondum
1243 2028 1469 2067 Thessaliae

94 2101 134 2131 30
151 2092 498 2143 appropinquabat.
554 2095 696 2133 Caesar
716 2093 848 2132 castris
870 2094 1028 2132 munitis
1049 2095 1170 2132 scalas
1192 2095 1468 2143 musculosque
1488 2106 1504 2137 5

195 2206 214 2234 3
237 2196 385 2234 pluribus
409 2198 450 2230 βε
487 2195 639 2235 plurimis
665 2196 707 2226 D'
905 2197 1029 2226 dimissi
1047 2195 1234 2227 Rlzellt'can:
1269 2196 1413 2226 dimissis
1436 2194 1473 2225 X

152 2240 172 2267 6
198 2239 340 2268 Roucilli
369 2239 430 2270 cod.
461 2239 595 2270 Petav.:
633 2240 758 2277 Rogilli
792 2239 834 2270 V:
873 2240 991 2270 Rouici
1020 2243 1082 2270 cett.
1331 2239 1392 2278 Egi
1422 2238 1468 2268 V:

153 2281 179 2311 E
198 2281 252 2320 (ae
272 2281 325 2321 U')
344 2282 372 2312 ci
390 2282 504 2313 DL'T
655 2293 671 2321 7
696 2283 728 2312 in
747 2283 867 2313 itinere
885 2283 933 2313 E:
960 2283 1079 2313 itinere
1097 2286 1159 2312 cell.
1297 2293 1333 2321 13
1358 2283 1467 2313 obiec-

151 2328 219 2354 tum
250 2326 521 2365 oppositumque]
554 2327 718 2356 abiectum
751 2325 806 2356 D:
849 2327 1013 2356 adiectum
1045 2326 1303 2365 appositumque
1334 2325 1471 2364 Madmg

152 2377 189 2397 21
215 2374 355 2399 auxerat
372 2369 434 2399 D':
459 2374 622 2399 auxerant
639 2371 660 2403 β
760 2368 1018 2400 Androsthenes
1036 2379 1068 2399 r:
1094 2369 1333 2400 Androstcnes
1349 2368 1386 2398 X
