1705 2729
509 507 566 560 C.
623 507 775 558 IVLI
828 507 1202 560 CAESARIS

627 641 1077 672 COMMENTARIORVM

462 750 578 808 DE
632 751 925 810 BELLO
979 749 1253 809 CIVILI

611 896 781 934 LIBER
810 896 1097 935 SECVNDVS

249 1011 351 1047 DUM
382 1010 478 1047 haec
507 1008 545 1047 in
578 1008 772 1059 Hispania
800 1017 992 1059 geruntur,
1026 1010 1069 1048 C.
1102 1008 1323 1047 Trebonius
1352 1010 1511 1057 legatus,
1534 1022 1549 1048 1

193 1073 259 1123 qui
292 1075 342 1112 ad
374 1074 708 1124 oppugnationem
743 1074 940 1113 Massiliae
974 1074 1128 1113 relictus
1163 1081 1252 1120 erat,
1285 1074 1438 1112 duabus
1469 1087 1514 1111 ex

193 1138 365 1188 partibus
388 1152 577 1188 aggerem,
602 1139 732 1178 vineas
760 1139 951 1189 turrisque
976 1141 1027 1177 ad
1053 1139 1244 1189 oppidum
1271 1151 1383 1188 agere
1410 1137 1514 1175 insti-

192 1203 274 1241 tuit.
347 1205 439 1243 Una
477 1212 556 1242 erat
595 1204 769 1254 proxima
808 1204 935 1254 portui
974 1203 1265 1253 navalibusque,
1306 1204 1425 1241 altera
1463 1204 1513 1240 ad
1536 1214 1550 1234 2

155 1284 172 1316 5
192 1276 354 1319 portam,
391 1282 468 1318 qua
501 1276 558 1307 est
591 1269 720 1308 aditus
755 1282 801 1307 ex
835 1268 962 1307 Gallia
994 1276 1112 1318 atque
1148 1267 1352 1318 Hispania,
1389 1269 1439 1306 ad
1474 1266 1513 1305 id

192 1346 296 1371 mare
330 1334 438 1383 quod
471 1333 623 1372 adiacet
656 1335 706 1372 ad
740 1333 883 1372 ostium
924 1333 1119 1371 Rhodani.
1195 1331 1371 1371 Massilia
1408 1331 1512 1369 enirn
1535 1343 1552 1373 3

192 1398 269 1436 fere
290 1397 411 1435 tribus
436 1411 482 1435 ex
507 1398 643 1447 oppidi
670 1397 843 1448 partibus
872 1397 965 1436 mari
992 1397 1147 1436 alluitur
1166 1412 1174 1445 ‚-
1203 1397 1352 1447 reliqua
1378 1404 1514 1446 quarta

192 1469 249 1500 est
269 1475 369 1512 quae
388 1462 538 1501 aditum
559 1463 701 1501 habeat
721 1464 771 1501 ab
793 1470 899 1501 terra.
962 1462 1092 1500 Huius
1116 1475 1275 1512 quoque
1300 1461 1398 1511 spati
1426 1475 1512 1511 pars

192 1540 237 1564 ea
269 1540 369 1576 quae
399 1529 450 1566 ad
482 1541 611 1565 arcem
646 1527 811 1577 pertinet
845 1527 920 1565 loci
955 1534 1091 1565 natura
1128 1534 1165 1565 et
1197 1527 1295 1565 valle
1326 1525 1513 1564 altissima

137 1608 174 1629 10
192 1591 341 1630 munita
360 1593 516 1642 longam
542 1599 579 1630 et
606 1591 803 1631 difficilem
831 1593 949 1630 habet
973 1591 1318 1641 oppugnationem.
1380 1591 1443 1629 Ad
1467 1604 1512 1628 ea
1531 1603 1549 1631 4

191 1656 428 1705 perficienda
447 1670 566 1706 opera
586 1658 629 1695 C.
654 1656 874 1694 Trebonius
900 1670 1081 1706 magnam
1106 1655 1369 1694 iumentorum
1393 1662 1512 1704 atque

190 1721 394 1759 hominum
428 1721 717 1760 multitudinem
748 1735 794 1759 ex
824 1720 931 1759 omni
963 1719 1161 1770 provincia
1189 1726 1302 1757 vocat
1318 1734 1327 1766 3
1366 1718 1512 1757 vimina

191 1785 470 1836 materiamque
504 1785 738 1836 comportari
772 1785 889 1824 iubet.
951 1784 1106 1834 Quibus
1135 1783 1368 1834 comparatis
1396 1783 1511 1828 rebus

189 1863 367 1899 aggerem
388 1850 427 1888 in
447 1850 693 1889 altitudinem
715 1851 860 1900 pedum
884 1862 998 1888 LXXX
1019 1849 1186 1888 exstruit.

135 1928 170 1960 ¹5
243 1916 320 1953 Sed
347 1914 443 1952 tanti
470 1922 577 1953 erant
606 1914 820 1964 antiquitus
850 1914 889 1952 in
919 1914 1066 1965 oppido
1096 1913 1273 1952 omnium
1304 1926 1430 1951 rerum
1460 1913 1510 1951 ad
1529 1921 1554 1947 2

190 1978 335 2016 bellum
355 1986 562 2029 apparatus
583 1986 768 2028 tantaque
789 1978 1000 2017 multitudo
1017 1985 1299 2017 tormentorum
1316 1985 1358 2015 ut
1374 1990 1509 2015 eorum

189 2042 266 2081 vim
299 2045 426 2082 nullae
460 2051 664 2083 contextae
698 2043 908 2082 viminibus
943 2043 1079 2081 vineae
1113 2042 1302 2081 sustinere
1337 2049 1506 2091 possent.

189 2109 348 2146 Asseres
386 2108 490 2146 enim
538 2109 684 2158 pedum
724 2120 783 2145 ΧΠ
833 2107 1061 2157 cuspidibus
1104 2106 1261 2157 praefixi
1308 2114 1426 2156 atque
1470 2106 1509 2143 hi
1532 2118 1546 2138 2

190 2171 364 2210 maximis
399 2172 559 2211 ballistis
593 2172 700 2211 missi
730 2186 797 2222 per
827 2185 889 2210 1111
921 2172 1078 2211 ordines
1107 2171 1271 2210 cratium
1302 2171 1341 2209 in
1371 2177 1510 2209 terram

231 2285 250 2314 5
275 2280 403 2314 portam
417 2276 539 2313 Jurin:
573 2277 669 2315 parte
686 2275 723 2304 X
910 2276 951 2306 ad
970 2275 1112 2306 Galliam
1130 2280 1232 2315 atque
1250 2274 1449 2315 Hispaniam
1468 2273 1512 2304 D'

188 2320 209 2348 6
231 2319 360 2350 adiacet
376 2318 570 2359 Nipperdey:
596 2319 699 2358 adigit
716 2318 754 2348 X
883 2319 903 2348 8
927 2319 1029 2349 habet
1047 2318 1091 2349 L²
1266 2319 1307 2350 ad
1325 2323 1449 2349 terram
1466 2318 1511 2348 D'

191 2362 229 2391 18
251 2366 353 2401 atque
370 2362 403 2392 hi
421 2362 574 2393 maximis
589 2373 653 2392 om.
675 2363 701 2391 L
838 2372 875 2401 19
899 2367 988 2393 terra
1006 2373 1024 2390 ν

1384 2415 1422 2444 4*
