1705 2729
613 106 658 145 C.
692 106 808 144 IVLI
841 107 1109 145 CAESARIS

201 229 272 253 suo
293 215 459 265 quisque
480 215 645 254 consilio
670 224 840 255 uteretur
867 224 985 266 atque
1013 230 1152 256 omnes
1180 217 1263 256 sine
1290 219 1427 258 timore
1458 219 1528 258 iter

201 281 371 318 facerent
400 280 459 318 usi
487 280 729 330 superiorum
758 288 979 330 temporum
1006 288 1124 331 atque
1150 281 1331 320 itinerum
1358 283 1523 321 licentia.

163 363 179 392 3
203 347 322 383 Erant
361 347 581 395 complures
621 345 776 384 honesti
809 346 1092 393 adulescentes,
1130 354 1353 385 senatorum
1388 347 1454 385 filii
1489 355 1527 386 et

200 409 347 448 ordinis
378 409 565 459 equestris
582 424 592 457 3
630 417 738 448 erant
767 409 982 459 legationes
1012 410 1212 449 civitatum
1227 425 1237 459 3
1276 418 1382 449 erant
1411 412 1526 462 legati

160 489 179 518 4
200 474 386 513 Caesaris.
449 476 537 512 Hos
572 473 701 512 omnis
735 473 898 512 flumina
931 474 1197 513 continebant.
1258 476 1321 513 Ad
1355 477 1427 514 hos
1461 489 1527 526 op—

197 539 424 588 primendos
446 552 536 577 cum
557 539 666 577 omni
687 538 863 588 equitatu
884 538 1087 588 tribusque
1106 538 1326 589 legionibus
1342 540 1525 579 Afranius

197 605 247 642 de
273 612 390 642 nocte
416 603 674 654 proficiscitur
698 603 1038 653 imprudentisque
1060 611 1152 642 ante
1176 603 1303 642 missis
1328 604 1524 653 equitibus

195 668 424 719 aggreditur.
486 667 673 707 Celeriter
707 681 792 706 sese
826 675 959 706 tamen
991 668 1094 706 Galli
1128 668 1279 718 equites
1312 668 1525 718 expediunt

159 748 175 778 5
196 732 468 782 proeliumque
488 732 750 771 committunt.
811 732 869 779 Ei,
893 733 989 771 dum
1015 732 1098 782 pari
1124 732 1335 771 certamine
1362 747 1421 772 res
1445 733 1523 784 geri

196 796 334 846 potuit,
367 810 553 847 magnum
583 796 756 835 hostium
786 810 994 835 numerum
1023 797 1139 847 pauci
1168 797 1410 845 sustinuere;
1453 799 1523 836 sed

196 860 263 899 ubi
284 860 394 910 signa
413 860 612 911 legionum
632 860 949 911 appropinquare
969 869 1193 911 coeperunt,
1217 861 1352 911 paucis
1371 861 1524 901 amissis

96 962 101 967 ,
156 930 176 960 6
196 939 280 963 sese
309 925 349 963 in
375 925 573 975 proximos
603 925 748 964 montis
778 927 994 964 conferunt.
1056 928 1150 964 Hoc
1183 940 1337 976 pugnae
1368 934 1523 977 tempus

196 1003 382 1040 magnum
402 990 530 1028 attulit
550 990 691 1028 nostris
717 991 769 1028 ad
796 992 962 1028 salutem
989 998 1236 1029 momentum
1250 1005 1260 1039 3
1289 991 1392 1029 nacti
1417 993 1522 1030 enim

194 1055 363 1104 spatium
398 1069 439 1094 se
468 1054 508 1093 in
537 1056 625 1093 loca
653 1054 852 1105 superiora
881 1063 1120 1105 receperunt.
1182 1054 1403 1094 Desiderati
1433 1062 1522 1094 sunt

193 1133 242 1158 eo
276 1120 339 1158 die
369 1119 553 1170 sagittarii
582 1119 733 1158 circiter
762 1131 820 1166 cc,
853 1119 1004 1169 equites
1033 1119 1159 1169 pauci,
1191 1121 1375 1159 calonum
1403 1127 1522 1171 atque

193 1184 566 1234 impedimentorum
586 1197 667 1222 non
688 1197 852 1233 magnus
873 1198 1069 1222 numerus.

123 1258 174 1296 52
249 1249 325 1288 His
359 1256 491 1287 tamen
525 1248 710 1287 omnibus
739 1262 898 1287 annona
928 1249 1070 1297 crevit3
1113 1262 1214 1299 quae
1244 1250 1322 1287 fere
1351 1262 1410 1288 res
1440 1263 1520 1288 non

193 1316 320 1352 solum
355 1313 487 1364 inopia
515 1313 739 1363 praesentis,
773 1314 843 1352 sed
873 1313 989 1352 etiam
1019 1313 1137 1352 futuri
1166 1313 1352 1363 temporis
1382 1313 1520 1353 timore

157 1392 171 1412 2
193 1379 458 1429 ingravescere
481 1378 694 1416 consuevit.
758 1379 922 1428 Iamque
942 1379 993 1417 ad
1019 1390 1075 1416 XL
1098 1378 1137 1416 in
1165 1378 1337 1429 singulos
1364 1378 1519 1417 modios

191 1456 351 1482 annona
370 1450 597 1493 pervenerat
619 1450 656 1481 et
678 1442 845 1481 militum
865 1442 964 1481 vires
984 1442 1118 1492 inopia
1138 1443 1321 1482 frumenti
1343 1443 1520 1482 deminu-

155 1525 172 1554 3
191 1515 272 1546 erat
300 1515 418 1557 atque
447 1507 702 1546 incommoda
730 1507 769 1544 in
799 1507 883 1546 dies
912 1508 1156 1558 augebantur
1170 1522 1180 1555 ,-
1209 1515 1247 1546 et
1276 1515 1355 1546 tam
1385 1507 1519 1558 paucis

190 1572 330 1611 diebus
365 1585 506 1622 magna
535 1579 615 1610 erat
644 1585 772 1610 rerum
802 1573 904 1610 facta
933 1572 1190 1611 commutatio
1219 1586 1266 1611 ac
1295 1586 1336 1611 se
1364 1573 1520 1611 fortuna

190 1637 442 1676 inclinaverat
462 1644 504 1675 ut
520 1636 642 1675 nostri
658 1649 800 1686 magna
816 1636 949 1686 inopia
965 1636 1268 1676 necessariarum
1285 1650 1413 1675 rerum
1428 1650 1519 1675 con-

191 1702 437 1748 flictarentur,
474 1700 528 1739 illi
567 1700 751 1739 omnibus
785 1701 1032 1740 abundarent
1066 1702 1182 1740 rebus
1220 1701 1517 1752 superioresque

153 1780 172 1810 4
190 1767 435 1804 haberentur.
495 1766 639 1805 Caesar
659 1765 714 1804 eis
741 1765 963 1804 civitatibus
989 1779 1091 1816 quae
1116 1767 1168 1805 ad
1194 1765 1277 1805 eius
1303 1765 1514 1804 amicitiam

189 1837 443 1877 accesserant,
475 1843 555 1879 quo
590 1829 717 1868 minor
752 1837 832 1868 erat
866 1830 1051 1869 frumenti
1085 1830 1209 1880 copia,
1242 1844 1362 1880 pecus
1396 1829 1516 1880 impe-

189 1895 325 1942 rabat3
360 1895 516 1933 calones
545 1895 597 1933 ad
626 1894 918 1945 longinquiores
945 1895 1120 1933 civitates
1148 1895 1398 1943 dimittebat3
1433 1895 1516 1946 ipse

189 1966 434 2008 praesentem
454 1958 629 2008 inopiam
651 1959 794 2008 quibus
814 1966 967 2009 poterat
987 1959 1170 1998 subsidiis
1192 1960 1399 1998 tutabatur.

119 2031 171 2069 53
244 2025 358 2062 Haec
374 2023 557 2062 Afranius
575 2024 830 2074 Petreiusque
851 2032 889 2063 et
910 2038 1045 2063 eorum
1065 2023 1181 2062 amici
1202 2023 1377 2074 pleniora
1397 2023 1514 2062 etiam

188 2095 306 2137 atque
353 2088 532 2127 uberiora
571 2091 743 2127 Romam
781 2090 832 2127 ad
874 2102 966 2127 suos
1005 2088 1307 2139 perscribebant.
1386 2090 1515 2127 Multa

189 2165 320 2191 rumor
356 2153 592 2203 adtingebat,
629 2160 671 2192 ut
709 2166 834 2203 paene
869 2153 1015 2191 bellum
1050 2154 1274 2191 confectum
1307 2151 1510 2191 videretur.

232 2266 251 2286 2
275 2257 325 2287 usi
343 2255 406 2286 D':
432 2266 494 2287 usu
511 2258 534 2291 β
646 2267 686 2287 10
708 2255 914 2297 sustinuere]
934 2256 1103 2287 sustinere
1119 2255 1162 2286 F¹
1175 2255 1361 2296 Stephanus
1475 2267 1514 2295 19

187 2309 232 2330 xi„
248 2299 391 2330 Holder:
418 2310 462 2330 XL
478 2299 564 2331 codd.
583 2311 590 2330 ε
616 2300 774 2331 denarios
792 2310 810 2329 L
827 2303 901 2330 recte
917 2300 1072 2339 interpret.
1090 2299 1202 2330 Aldus
1344 2309 1386 2338 30
1410 2300 1512 2330 multa

189 2353 302 2373 rumor
318 2343 511 2382 adfingebat
527 2343 733 2383 Stephanus:
760 2343 904 2373 multoru
921 2353 980 2373 ora
998 2343 1171 2381 fingebant
1187 2342 1246 2374 D':
1275 2343 1378 2373 multa
1401 2353 1514 2374 rumor

188 2387 337 2426 fingebat
358 2386 464 2418 U‘L22
491 2387 634 2418 multari]
653 2397 787 2417 rumore
805 2391 886 2418 orat.
907 2387 1080 2426 fingebant
1100 2386 1129 2416 T

1545 485 1563 516 5

1547 814 1584 835 10

1544 1132 1581 1163 15

1541 1457 1580 1478 20

1536 2103 1576 2134 30
