1705 2729
595 122 829 160 INCERTI
863 121 1143 160 AVCTORIS

208 235 406 280 succurrit,
441 232 507 282 qui
535 240 614 270 erat
645 231 784 270 missus
811 245 833 269 a
861 232 961 270 Iuba
991 232 1042 269 ad
1070 230 1308 281 stipendium
1342 230 1532 281 accipien-

207 299 313 344 dum,
338 304 551 347 castraque,
582 297 688 334 unde
718 297 862 336 Caesar
885 309 1060 346 egressus
1091 295 1162 334 iter
1188 296 1314 334 facere
1337 303 1530 345 coeperat,

171 378 185 399 2
207 369 402 412 occupant
416 369 453 400 et
470 361 552 400 eius
568 374 708 410 agmen
730 368 945 399 extremum
963 359 1114 410 insequi
1135 367 1359 410 coeperunt.
1419 361 1533 409 Quae

207 440 266 466 res
293 440 384 466 curn
411 426 681 465 animadversa
713 433 825 473 esset,
854 425 984 464 subito
1012 425 1211 475 legionarii
1245 424 1464 463 consistunt
1495 433 1534 464 et

207 491 368 542 equites,
396 504 637 542 quamquam
662 498 770 529 erant
799 490 925 540 pauci,
948 498 1080 529 tamen
1107 497 1243 528 contra
1266 498 1414 528 tantam
1439 491 1534 528 mul·
1553 504 1570 534 5

170 574 188 604 3
207 556 416 595 titudinem
437 556 697 595 audacissime
717 563 964 595 concurrunt.
1024 554 1182 593 Accidit
1202 568 1261 593 res
1282 554 1532 602 incredibilis,

207 629 249 660 ut
270 622 420 672 equites
442 621 570 659 minus
591 633 681 659 xxx
703 620 805 660 Galli
823 623 1052 659 Maurorum
1070 619 1246 669 equitum
1268 631 1297 657 11
1320 619 1425 657 milia
1445 621 1534 657 loco

167 688 396 738 4pellerent
428 688 684 736 fugarentque
718 685 758 723 in
798 685 1000 735 oppidum.
1062 686 1276 734 Postquam
1315 683 1457 733 repulsi
1497 691 1534 722 et

207 751 375 789 coniecti
396 759 504 789 erant
531 751 630 788 intra
655 750 904 797 munitiones,
928 751 1073 789 Caesar
1096 749 1167 788 iter
1193 748 1451 787 constitutum
1480 749 1534 787 ire

169 834 184 864 5
207 815 421 854 contendit.
482 816 603 864 Quod
633 828 723 853 curn
748 814 902 864 saepius
930 816 1101 853 facerent
1133 821 1170 852 et
1206 815 1326 852 modo
1356 813 1534 863 inseque-
1557 829 1594 852 10

206 888 347 926 rentur,
372 880 492 918 modo
517 892 646 917 rursus
667 879 717 917 ab
739 878 936 929 equitibus
967 878 1006 915 in
1031 878 1222 928 oppidum
1244 879 1531 928 repellerentur,

206 944 434 983 cohortibus
473 944 607 994 paucis
648 958 693 982 ex
732 944 923 983 veteranis
972 957 1068 993 quas
1112 957 1246 982 secum
1285 944 1456 982 habebat
1495 943 1534 981 in

206 1018 379 1049 extremo
399 1010 554 1060 agmine
575 1010 775 1049 collocatis
797 1018 834 1049 et
851 1017 958 1060 parte
979 1009 1174 1060 equitatus
1195 1009 1266 1048 iter
1286 1009 1423 1048 leniter
1443 1022 1534 1048 cum

166 1083 185 1114 6
206 1075 362 1125 reliquis
393 1076 520 1113 facere
551 1074 692 1125 coepit.
754 1076 814 1113 Ita
842 1082 991 1124 quanto
1015 1073 1169 1123 longius
1200 1074 1250 1112 ab
1282 1073 1430 1124 oppido
1460 1073 1535 1112 dis-

205 1140 429 1187 cedebatur,
453 1146 562 1178 tanto
590 1139 778 1178 tardiores
799 1140 851 1177 ad
871 1138 1161 1188 insequendum
1182 1146 1291 1176 erant
1321 1137 1530 1176 Numidae.
1555 1152 1592 1184 15

170 1219 185 1254 7
207 1204 369 1243 Interim
396 1204 436 1242 in
460 1204 597 1243 itinere
629 1218 675 1243 ex
701 1203 857 1254 oppidis
885 1211 922 1242 et
952 1203 1120 1242 castellis
1150 1203 1363 1253 legationes
1390 1202 1532 1250 venire,

207 1267 277 1322 [et]
309 1269 483 1320 polliceri
514 1270 753 1307 frumentum
784 1276 1019 1319 paratosque
1058 1281 1143 1307 esse
1177 1281 1278 1318 quae
1308 1267 1535 1318 imperasset

206 1335 342 1372 facere.
403 1336 542 1384 Itaque
563 1346 610 1372 eo
632 1333 695 1372 die
716 1340 840 1372 castra
860 1332 990 1383 posuit
1016 1333 1067 1371 ad
1087 1332 1279 1383 oppidum
1301 1331 1533 1382 Ruspinam,

210 1399 297 1436 Kal.
323 1397 521 1436 Ianuariis.

166 1474 190 1513 7
264 1464 364 1501 Inde
404 1462 524 1500 movit
564 1469 602 1501 et
640 1461 815 1512 pervenit
852 1462 903 1500 ad
937 1461 1128 1512 oppidum
1168 1460 1337 1511 Leptim,
1372 1459 1534 1499 liberam
1555 1477 1596 1499 20

208 1527 405 1565 civitatem
436 1534 473 1565 et
502 1527 732 1565 immunem.
790 1525 926 1576 Legati
947 1540 993 1565 ex
1013 1526 1161 1576 oppido
1183 1525 1339 1564 obviarn
1361 1524 1533 1572 veniunt,

172 1609 185 1629 2
208 1591 373 1630 libenter
403 1605 443 1630 se
473 1591 606 1630 omnia
635 1593 804 1630 facturos
835 1604 935 1641 quae
956 1592 1071 1628 vellet
1092 1589 1334 1640 pollicentur.
1396 1590 1536 1639 Itaque

207 1656 502 1695 centurionibus
531 1657 582 1695 ad
616 1664 747 1706 portas
779 1655 915 1705 oppidi
956 1663 992 1693 et
1032 1654 1221 1693 custodiis
1248 1653 1452 1703 impositis,
1485 1667 1535 1692 ne

207 1721 293 1771 quis
316 1721 425 1760 miles
446 1721 485 1758 in
507 1721 697 1771 oppidum
719 1720 893 1759 introiret
913 1727 980 1758 aut
1000 1718 1179 1757 iniuriam
1201 1720 1343 1756 faceret
1364 1717 1534 1767 cuipiam

208 1787 370 1833 incolae,
404 1800 485 1825 non
514 1788 629 1836 longe
653 1787 702 1824 ab
735 1785 884 1836 oppido
911 1786 1131 1824 secundum
1155 1784 1245 1822 litus
1276 1783 1367 1821 facit
1397 1790 1531 1821 castra.
1556 1799 1593 1830 25

172 1867 188 1897 3
210 1854 444 1902 Eodemque
487 1864 604 1889 naves
652 1850 850 1889 onerariae
892 1858 929 1888 et
969 1851 1109 1899 longae
1149 1861 1230 1886 non
1272 1848 1402 1885 nullae
1442 1860 1534 1885 casu

207 1918 450 1954 advenerunt
465 1931 475 1963 ,-
506 1915 688 1965 reliquae,
712 1923 753 1953 ut
775 1922 832 1953 est
853 1914 888 1952 ei
909 1913 1144 1960 nuntiatum,
1168 1912 1337 1950 incertae
1357 1912 1533 1949 locorum

171 1994 188 2025 4
210 1982 368 2020 Uticam
398 1994 530 2019 versus
560 1988 691 2031 petere
720 1980 824 2018 visae
854 1986 954 2017 sunt.
1026 1977 1188 2016 Interim
1216 1978 1360 2016 Caesar
1387 1989 1410 2013 a
1439 1975 1535 2013 mari

209 2060 289 2084 non
324 2046 473 2096 digredi
514 2059 644 2095 neque
685 2044 968 2083 mediterranea
1007 2050 1139 2093 petere
1179 2049 1336 2092 propter
1376 2040 1534 2078 navium

209 2126 377 2151 errorem
418 2112 714 2162 equitatumque
754 2111 792 2148 in
835 2110 1000 2149 navibus
1040 2123 1199 2148 omnem
1240 2108 1452 2154 continere,
1492 2115 1533 2145 ut
1554 2121 1595 2152 30

208 2178 382 2224 arbitror,
405 2191 454 2216 ne
483 2177 562 2226 agri
592 2183 857 2223 vastarentur,
895 2188 1038 2225 aquam
1068 2174 1107 2212 in
1137 2173 1245 2212 navis
1284 2173 1392 2211 iubet
1430 2185 1535 2210 corn-

173 2259 189 2289 5
210 2242 363 2293 portari.
425 2242 609 2291 Remiges
630 2240 796 2287 interim,
819 2240 885 2290 qui
913 2247 1100 2289 aquatum
1122 2252 1143 2276 e
1164 2238 1328 2276 navibus
1349 2236 1531 2282 exierant,

257 2356 295 2376 12
320 2345 379 2385 ex]
398 2349 431 2375 et
453 2345 485 2375 T
612 2353 648 2382 17
675 2348 708 2373 et
725 2354 789 2373 0171.
810 2341 921 2372 D'LF
1009 2343 1047 2371 18
1073 2341 1261 2380 Ruspinam
1282 2340 1374 2371 edd.:
1401 2339 1533 2378 usurpi-

212 2400 287 2420 nam
305 2388 342 2418 X
473 2398 511 2427 19
538 2387 613 2418 Kal.
628 2386 794 2417 Ianuariis
811 2385 856 2416 acl
871 2385 1000 2415 mitium
1019 2390 1085 2425 cap.
1102 2394 1118 2423 7
1129 2384 1332 2424 transposuit
1348 2382 1524 2414 Schneider
