1705 2729
609 121 652 159 C.
687 119 801 157 IVLI
834 119 1102 157 CAESARIS

193 240 296 269 ratus
319 230 439 269 Gadis
467 229 746 279 proficiscitur3
777 228 963 278 pecunias
994 228 1327 279 monimentaque,
1349 241 1449 278 quae
1470 242 1517 267 ex

193 296 283 333 fano
314 294 496 332 Herculis
526 294 666 331 collata
696 301 804 330 erant
833 293 872 330 in
904 292 1090 342 privatam
1121 293 1295 339 domum,
1319 292 1447 331 referri
1478 293 1516 330 in

153 372 171 401 4
193 360 383 409 templum
406 357 522 395 iubet.
585 356 813 395 Provinciae
835 358 883 405 Q.
909 356 1088 395 Cassium
1110 357 1283 406 praeficit
1302 371 1311 404 3
1340 357 1431 395 huic
1454 369 1515 394 1111

191 423 363 472 legiones
383 421 567 461 attribuit.
630 423 719 471 Ipse
741 421 795 460 eis
817 420 980 459 navibus
1002 434 1097 470 quas
1120 422 1175 458 M.
1199 423 1321 459 Varro
1342 434 1518 471 quasque

193 486 377 526 Gaditani
399 486 505 524 iussu
526 485 711 524 Varronis
733 487 905 524 fecerant
929 487 1193 523 Tarraconem
1222 485 1356 534 paucis
1378 485 1518 524 diebus
1537 494 1555 526 5

191 551 376 602 pervenit.
440 550 502 589 Ibi
541 550 659 588 totius
698 551 776 588 fere
816 549 1003 588 citerioris
1042 548 1266 598 provinciae
1305 549 1519 599 legationes

153 628 170 658 5
193 615 369 655 Caesaris
394 616 607 653 adventum
629 615 918 664 exspectabant.
982 615 1132 653 Eadem
1163 613 1312 652 ratione
1339 614 1518 664 privatim

191 694 235 719 ac
251 680 409 730 publice
426 680 662 730 quibusdam
679 679 899 718 civitatibus
913 679 1056 717 habitis
1072 679 1288 717 honoribus
1297 681 1519 718 Tarracone

191 746 358 784 discedit
384 745 631 796 pedibusque
659 746 888 784 Narbonem
922 752 1040 795 atque
1071 744 1163 783 inde
1193 744 1410 783 Massiliam
1437 757 1519 794 per-

190 810 305 849 venit.
368 810 430 848 Ibi
463 812 589 860 legem
624 811 673 848 de
707 810 896 848 dictatore
931 811 1049 847 latam
1088 822 1252 859 seseque
1286 809 1518 849 dictatorem
1540 822 1580 846 10

191 875 341 914 dictum
362 888 384 913 a
406 876 460 912 M.
486 874 638 925 Lepido
659 882 836 924 praetore
857 874 1069 924 cognoscit.

120 949 171 976 22
247 938 513 977 Massilienses
543 938 727 977 omnibus
758 937 900 977 defessi
930 938 1052 985 malis,
1084 938 1137 976 rei
1167 938 1440 977 frumentariae
1469 939 1520 976 ad

113 1007 118 1012 ’
191 1017 385 1042 summam
402 1002 575 1053 inopiam
596 1003 768 1050 adducti,
787 1002 845 1041 bis
866 1002 1015 1053 proelio
1031 1002 1158 1040 navali
1178 1002 1358 1053 superati,
1377 1002 1521 1041 crebris

192 1067 462 1118 eruptionibus
479 1067 564 1114 fusi,
582 1067 686 1117 gravi
704 1067 820 1105 etiam
836 1066 1058 1117 pestilentia
1074 1066 1286 1105 conflictati
1303 1080 1349 1105 ex
1369 1066 1521 1106 diutina

192 1131 446 1171 conclusione
467 1139 505 1170 et
536 1131 753 1170 mutatione
777 1131 1101 1181 victus-panico
1122 1131 1227 1170 enirn
1249 1138 1378 1170 vetere
1402 1139 1520 1181 atque
1543 1146 1581 1178 15

192 1198 342 1235 hordeo
363 1203 546 1246 corrupto
567 1209 704 1234 omnes
725 1196 940 1243 alebantur,
958 1197 1066 1245 quod
1087 1197 1138 1235 ad
1159 1195 1386 1235 huiusmodi
1407 1209 1520 1235 casus

191 1261 405 1311 antiquitus
430 1268 608 1311 paratum
638 1260 676 1298 in
701 1260 905 1310 publicum
930 1260 1386 1299 contulerant—deiecta
1414 1260 1519 1308 turri,

192 1326 383 1364 labefacta
404 1339 544 1376 magna
568 1332 676 1375 parte
704 1325 814 1372 muri,
836 1325 987 1363 auxiliis
1015 1325 1301 1374 provinciarum
1322 1332 1361 1363 et
1382 1324 1522 1364 exerci-

192 1399 302 1429 tuum
324 1389 549 1440 desperatiS,
572 1403 671 1440 quos
692 1389 731 1427 in
753 1389 930 1428 Caesaris
951 1396 1185 1439 potestatem
1207 1388 1359 1428 venisse
1380 1402 1522 1439 cogno-

157 1477 170 1498 2
192 1462 337 1502 verant,
371 1468 456 1493 sese
490 1455 635 1493 dedere
670 1454 753 1492 sine
788 1454 923 1492 fraude
955 1453 1208 1492 constituunt.
1270 1455 1348 1492 Sed
1387 1454 1522 1504 paucis
1545 1470 1584 1493 20

192 1528 282 1559 ante
314 1519 454 1559 diebus
490 1521 531 1557 L.
567 1518 764 1557 Domitius
794 1518 951 1568 cognita
985 1518 1290 1557 Massiliensium
1321 1521 1522 1558 voluntate

192 1585 357 1623 navibus
397 1596 441 1622 111
478 1583 724 1634 comparatis,
758 1598 804 1622 ex
838 1583 982 1634 quibus
1021 1584 1119 1622 duas
1152 1583 1404 1623 familiaribus
1443 1584 1522 1623 suis

192 1649 429 1696 attribuerat,
481 1661 599 1686 unam
653 1648 737 1697 ipse
789 1649 1085 1694 conscenderat,
1138 1655 1275 1687 nactus
1325 1648 1522 1688 turbidam

156 1734 173 1764 3
193 1721 465 1764 tempestatem
490 1714 687 1763 profectus
715 1720 781 1751 est.
844 1715 966 1751 Hunc
993 1713 1243 1764 conspicatae
1270 1727 1399 1761 naveS‚
1422 1727 1523 1763 quae

194 1779 314 1817 missu
340 1778 448 1817 Bruti
469 1778 756 1817 consuetudine
777 1778 975 1817 cotidiana
998 1779 1049 1817 ad
1077 1786 1232 1828 portum
1263 1779 1521 1825 excubabant,
1545 1794 1583 1826 ²5

155 1862 174 1892 4
195 1843 356 1881 sublatis
394 1842 546 1881 ancoris
589 1843 700 1892 sequi
739 1851 963 1895 coeperunt.
1044 1845 1102 1881 Ex
1141 1844 1201 1882 his
1241 1857 1364 1882 unum
1403 1842 1523 1894 ipsius

194 1906 391 1957 navigium
412 1907 615 1946 contendit
636 1915 673 1946 et
695 1909 826 1958 fugere
848 1908 1106 1959 perseveravit
1135 1907 1358 1958 auxilioque
1378 1915 1524 1958 tempe-

195 1971 303 2010 statis
324 1985 370 2009 ex
390 1978 605 2020 conspectu
630 1971 737 2019 abiit,
760 1973 840 2011 duo
862 1972 1062 2022 perterrita
1082 1985 1275 2011 concursu
1305 1978 1523 2011 nostrarum

158 2055 175 2086 5
196 2035 353 2074 navium
392 2048 477 2074 sese
516 2035 554 2073 in
594 2044 749 2086 portum
788 2044 1027 2086 receperunt.
1107 2036 1373 2075 Massilienses
1417 2049 1525 2074 arma

196 2107 468 2150 tormentaque
496 2115 541 2140 ex
569 2102 728 2153 oppido,
752 2109 794 2140 ut
818 2109 876 2140 est
902 2101 1147 2151 imperatum,
1177 2103 1388 2151 proferunt,
1415 2100 1523 2139 navis
1545 2111 1585 2142 30

197 2180 242 2204 ex
257 2173 371 2216 portu
388 2168 670 2217 navalibusque
687 2168 872 2213 educunt,
890 2166 1099 2216 pecuniam
1116 2180 1162 2204 ex
1176 2165 1336 2216 publico
1352 2166 1520 2203 tradunt.

159 2236 177 2268 6
198 2230 354 2279 Quibus
389 2233 504 2271 rebus
538 2230 727 2270 confectis
760 2232 904 2270 Caesar
938 2230 1060 2280 magis
1092 2243 1158 2268 eos
1192 2243 1262 2279 pro
1294 2228 1455 2267 nomine
1486 2235 1524 2266 et

219 2335 472 2409 bJOLdif-tatore
488 2333 597 2365 D'L':
624 2334 782 2366 dictionis
804 2333 840 2364 T'
976 2343 1014 2372 13
1039 2332 1146 2363 navali
1165 2332 1292 2372 proelio
1316 2331 1351 2361 T'
1482 2332 1524 2362 28

198 2389 217 2409 a
242 2382 267 2408 1t
317 2378 324 2391 '
