1705 2729
475 152 548 188 DE
579 149 758 187 BELLO
790 149 966 187 CIVILI
999 151 1099 186 LIB.
1136 152 1175 187 II

165 261 308 311 incipit.
369 262 470 300 Cum
507 262 686 299 cohortes
721 274 767 298 ex
800 259 883 298 acie
918 261 1260 309 procucurrissent,
1290 261 1487 300 Numidae
1507 270 1524 298 s,

163 325 299 375 integri
321 325 516 364 celeritate
540 325 729 374 impetum
758 332 978 363 nostrorum
1007 325 1258 374 effugiebant,
1279 339 1487 376 rursusque

161 391 212 428 ad
242 389 398 428 ordines
430 402 521 428 suos
553 403 594 427 se
624 388 844 438 recipientis
877 388 1134 427 circumibant
1163 397 1201 428 et
1231 390 1281 428 ab
1315 391 1398 429 acie
1428 404 1488 429 ex-

162 455 384 493 cludebant.
446 454 509 492 Sic
539 467 667 503 neque
697 453 735 491 in
766 455 855 492 loco
885 467 1041 492 manere
1071 453 1308 504 ordinesque
1337 469 1488 494 servare

123 535 140 565 5
162 532 290 568 neque
306 532 529 568 procurrere
545 526 583 557 et
598 532 733 557 casum
749 518 879 557 subire
895 526 1022 556 tutum
1038 518 1252 557 videbatur.
1299 520 1487 558 Hostium
1510 534 1525 567 7

161 582 297 633 copiae
318 582 533 621 summissis
554 583 603 621 ab
620 596 708 632 rege
728 582 877 620 auxiliis
899 583 1034 621 crebro
1055 584 1315 632 augebantur,
1346 584 1487 622 nostris

160 647 258 685 vires
279 647 506 685 lassitudine
527 647 775 694 deficiebant,
794 647 910 685 simul
934 648 968 686 ei
990 648 1056 697 qui
1074 649 1234 686 vulnera
1255 657 1487 698 acceperant

160 725 290 761 neque
310 711 393 750 acie
414 712 602 750 excedere
630 724 758 760 neque
779 711 817 748 in
839 713 969 749 locum
992 719 1119 750 tutum
1144 712 1273 750 referri
1294 721 1483 762 poterant,

160 776 268 824 quod
289 782 369 813 tota
389 775 491 814 acies
512 775 687 824 equitatu
709 774 881 813 hostium
902 775 1144 814 circumdata
1162 776 1378 814 tenebatur.
1430 777 1486 814 Hi
1506 786 1523 815 8

104 857 140 877 10
160 842 210 879 de
237 853 305 879 sua
332 841 455 878 salute
479 841 742 890 desperantes,
766 848 808 878 ut
835 847 1008 878 extremo
1032 840 1132 879 vitae
1160 848 1335 891 ternpore
1362 842 1486 880 homi-

159 917 228 942 nes
255 905 381 942 facere
408 912 656 951 consuerunt,
679 912 746 943 aut
774 918 884 942 suam
915 912 1080 943 mortem
1109 904 1393 943 miserabantur
1419 914 1485 944 aut

159 968 328 1019 parentis
350 982 440 1006 suos
462 969 805 1015 commendabant,
830 968 860 1006 si
882 982 980 1018 quos
1002 982 1048 1009 ex
1068 982 1115 1007 eo
1137 969 1310 1018 periculo
1332 971 1487 1007 fortuna

160 1047 309 1072 servare
330 1033 529 1083 potuisset.
585 1035 706 1072 Plena
726 1041 834 1072 erant
855 1034 988 1072 omnia
1009 1033 1156 1072 timoris
1178 1042 1215 1072 et
1236 1036 1374 1072 luctus.

214 1097 334 1137 Curio
363 1097 431 1136 ubi
460 1097 667 1148 perterritis
703 1098 887 1136 omnibus
918 1110 1046 1147 neque
1076 1099 1366 1137 cohortationes
1397 1112 1485 1137 suas
1505 1112 1557 1149 42

104 1177 138 1208 ¹5
160 1176 288 1213 neque
322 1176 455 1213 preces
493 1163 617 1201 audiri
653 1163 851 1213 intellegit,
885 1176 1003 1201 unam
1040 1170 1081 1201 ut
1113 1163 1152 1201 in
1188 1163 1336 1202 miseris
1371 1164 1486 1203 rebus

159 1242 269 1278 spem
290 1228 478 1278 reliquam
504 1228 637 1266 salutis
662 1241 747 1266 esse
771 1228 977 1266 arbitratus
998 1228 1195 1277 proximos
1217 1228 1327 1266 collis
1348 1242 1486 1279 capere

158 1294 358 1333 universos
387 1302 505 1345 atque
535 1307 582 1332 eo
610 1293 718 1344 signa
746 1293 875 1331 inferri
902 1293 1020 1331 iubet.
1083 1294 1171 1331 Hos
1196 1306 1355 1343 quoque
1382 1307 1487 1343 prae-

157 1366 324 1409 occupat
344 1358 484 1397 missus
504 1372 527 1396 a
543 1359 710 1397 Saburra
730 1357 935 1407 equitatus.
986 1359 1090 1395 Tum
1107 1371 1198 1395 vero
1219 1359 1269 1395 ad
1291 1370 1485 1395 summam
1508 1377 1521 1398 2

158 1423 471 1474 desperationem
493 1423 612 1461 nostri
634 1422 864 1473 perveniunt
885 1430 922 1460 et
939 1422 1077 1472 partim
1100 1421 1291 1472 fugientes
1311 1423 1361 1460 ab
1383 1422 1486 1471 equi-

101 1505 140 1527 20
158 1496 240 1527 tatu
274 1488 567 1535 interficiuntur,
602 1488 740 1538 partim
776 1487 911 1538 integri
947 1487 1222 1538 procumbunt.
1296 1489 1486 1526 Hortatur
1507 1502 1524 1532 3

159 1553 372 1593 Curionem
407 1555 479 1593 Cn.
514 1553 724 1599 Domitius,
757 1553 975 1602 praefectus
1009 1551 1196 1601 equitum,
1230 1565 1319 1590 cum
1352 1552 1486 1602 paucis

158 1617 353 1667 equitibus
375 1617 674 1664 circumsistens,
692 1624 733 1655 ut
749 1618 839 1666 fuga
859 1618 1023 1654 salutem
1046 1623 1152 1665 petat
1168 1623 1285 1665 atque
1302 1616 1341 1653 in
1363 1624 1486 1654 castra

157 1683 382 1728 contendat,
416 1689 452 1720 et
487 1695 527 1719 se
565 1682 616 1719 ab
655 1694 702 1719 eo
741 1694 821 1719 non
860 1680 1121 1719 discessurum
1159 1680 1373 1729 pollicetur.
1434 1683 1523 1724 At4

159 1746 279 1785 Curio
308 1759 523 1795 numquam
555 1759 595 1783 se
626 1745 771 1783 amisso
801 1744 971 1783 exercitu
998 1758 1115 1794 quem
1146 1757 1169 1782 a
1197 1745 1364 1783 Caesare
1395 1745 1485 1783 fidei

102 1829 138 1860 25
159 1809 414 1848 commissum
441 1809 634 1859 acceperit
662 1809 700 1846 in
729 1809 811 1847 eius
841 1816 1098 1858 conspectum
1127 1821 1369 1847 reversurum
1397 1822 1487 1847 con-

160 1874 285 1911 firmat
313 1881 432 1923 atque
465 1873 517 1911 ita
546 1873 740 1923 proelians
772 1872 1007 1910 interficitur.
1069 1871 1232 1921 Equites
1263 1886 1308 1910 ex
1338 1873 1486 1922 proelio
1507 1887 1522 1917 5

158 1938 341 1988 perpauci
365 1952 406 1976 se
432 1938 622 1988 recipiunt
638 1953 647 1985 3
683 1939 751 1976 sed
783 1937 817 1976 ei
850 1950 949 1987 quos
978 1938 1028 1975 ad
1059 1937 1315 1975 novissimum
1345 1951 1485 1988 agmen

158 2016 348 2053 equorum
376 2003 676 2042 reficiendorum
704 2016 822 2041 causa
849 2002 1068 2040 substitisse
1089 2003 1401 2041 demonstratum
1429 2011 1486 2041 est

158 2068 248 2118 fuga
274 2067 392 2106 totius
413 2067 602 2106 exercitus
630 2068 766 2116 procul
792 2066 1064 2105 animadversa
1091 2079 1175 2105 sese
1202 2066 1419 2105 incolumes
1447 2067 1486 2104 in

100 2150 141 2181 30
159 2139 283 2170 eastra
302 2133 516 2170 conferunt.
579 2131 725 2170 Milites
745 2132 796 2170 ad
816 2144 939 2169 unum
960 2144 1097 2169 omnes
1118 2130 1412 2168 interficiuntur.

214 2195 289 2233 His
328 2196 443 2234 rebus
481 2195 646 2246 cognitis
686 2194 859 2233 Marcius
899 2196 1026 2233 Rufus
1065 2202 1248 2244 quaestor
1281 2194 1320 2231 in
1352 2195 1485 2233 castris
1503 2198 1556 2235 43

159 2260 313 2298 relictus
332 2273 355 2298 a
376 2260 548 2300 Curione
568 2261 794 2298 cohortatur
814 2273 916 2306 suos,
940 2273 988 2297 ne
1014 2259 1148 2298 animo
1168 2259 1363 2297 deficiant.
1425 2261 1484 2298 Illi

159 2331 270 2363 orant
303 2332 421 2375 atque
447 2325 654 2364 obsecrant
686 2332 727 2362 ut
759 2324 798 2362 in
827 2323 997 2363 Siciliam
1033 2323 1197 2362 navibus
1229 2332 1482 2374 reportentur.

556 2432 577 2460 6
601 2431 725 2461 nostris
742 2429 849 2460 D'T‘:
876 2435 1009 2461 nostros
1028 2430 1067 2460 L'
