1705 2729
405 187 480 223 DE
511 185 691 223 BELLO
722 184 1138 222 ALEXANDRINO
1168 185 1338 222 LIBER

205 294 387 346 auspiciis
407 302 445 333 et
465 293 715 344 religionibus
736 293 930 340 inductus,
955 293 1096 343 quibus
1121 295 1412 344 obtemperasse
1438 308 1528 333 eurn

205 367 341 411 postea
367 358 636 405 audiebamus,
668 358 748 396 sive
778 357 973 408 paucitate
999 365 1219 396 nostrorum
1250 359 1316 408 qui
1344 358 1383 396 in
1412 359 1528 396 armis

204 431 312 462 erant
338 430 547 474 comperta,
581 436 671 461 cum
702 436 809 461 more
838 422 965 472 operis
995 422 1181 461 cotidiani
1212 435 1393 471 magnam
1423 422 1527 460 illam

204 501 401 526 servorum
440 487 732 526 multitudinem
780 500 881 536 quae
930 500 1109 537 aggerem
1147 487 1326 536 portabat
1361 487 1528 525 militum

166 564 183 594 5
203 565 287 590 esse
321 551 558 599 credidisset,
590 551 669 589 sive
703 551 819 589 etiam
855 551 999 589 fiducia
1029 551 1198 590 veterani
1232 551 1421 590 exercitus
1455 551 1525 598 sui,

203 630 320 666 quem
351 616 409 654 bis
436 624 475 655 et
501 616 618 654 vicies
646 616 685 653 in
711 616 794 654 acie
822 616 1043 655 conflixisse
1073 624 1111 654 et
1136 615 1274 654 vicisse
1303 616 1417 665 legati
1444 615 1527 654 eius

201 680 474 731 gloriabantur,
493 680 607 719 simul
628 688 857 730 contemptu
877 680 1066 719 exercitus
1087 680 1218 727 nostri,
1235 694 1352 730 quem
1369 682 1526 730 pulsum

201 758 224 783 a
256 758 297 782 se
330 744 509 783 Domitio
543 745 644 783 duce
682 744 841 791 sciebat,
875 744 972 783 inito
1010 744 1175 783 consilio
1213 743 1429 783 dimicandi
1463 746 1526 783 de-

201 810 387 847 scendere
413 817 619 860 praerupta
644 811 743 847 valle
770 809 910 859 coepit.
971 808 1092 848 Cuius
1119 808 1360 858 aliquamdiu
1383 810 1526 848 Caesar
1544 821 1565 852 4

145 884 183 906 10
201 872 383 912 irridebat
409 873 566 912 inanem
593 873 896 912 ostentationem
926 881 964 912 et
990 887 1038 912 eo
1067 875 1155 912 loco
1184 873 1351 911 militum
1382 880 1526 912 coarta-

201 936 359 984 tionem‚
383 951 498 987 quem
525 938 564 975 in
588 939 720 976 locum
747 951 865 976 nemo
892 951 1008 976 sanus
1035 937 1158 976 hostis
1182 937 1379 976 subiturus
1400 946 1524 977 esset:

199 1015 289 1040 cum
319 1002 473 1041 interim
506 1004 725 1041 Pharnaces
763 1003 904 1042 eodem
938 1003 1058 1053 gradu
1093 1016 1172 1052 quo
1206 1002 1245 1040 in
1277 1010 1523 1052 praeruptam

199 1067 456 1105 descenderat
500 1069 639 1106 vallem
677 1069 889 1107 ascendere
935 1069 1121 1107 adversus
1164 1068 1331 1106 arduum
1383 1069 1523 1106 collem

199 1129 395 1169 instructis
425 1131 548 1181 copiis
577 1132 717 1182 coepit.

143 1208 177 1240 15
253 1195 397 1233 Caesar
434 1195 652 1234 incredibili
691 1196 773 1234 eius
805 1198 865 1235 vel
900 1196 1115 1235 temeritate
1149 1198 1208 1235 vel
1243 1195 1387 1234 fiducia
1421 1209 1524 1235 com-
1544 1200 1592 1239 75

199 1265 328 1297 motus
354 1273 483 1309 neque
510 1260 675 1310 opinans
705 1260 997 1310 imparatusque
1023 1273 1231 1310 oppressus
1260 1261 1403 1299 eodem
1430 1268 1524 1299 tem-

178 1336 292 1373 .pore
321 1323 463 1363 milites
492 1325 542 1363 ab
569 1338 686 1375 opere
716 1333 882 1373 revocat,
904 1339 1012 1363 arma
1039 1338 1177 1375 capere
1207 1324 1326 1372 iubet,
1350 1324 1522 1375 legiones

197 1388 362 1438 opponit
409 1388 613 1439 aciemque
661 1389 814 1427 instruit
828 1404 838 1437 3
886 1389 997 1428 cuius
1042 1389 1096 1427 rei
1141 1388 1270 1427 subita
1314 1389 1522 1439 trepidatio

198 1465 383 1503 magnum
415 1461 598 1493 terrorem
632 1454 760 1492 attulit
794 1454 945 1493 nostris.
1005 1454 1198 1492 Nondum
1232 1453 1436 1492 ordinibus
1468 1454 1522 1491 in-
1544 1467 1558 1487 2

141 1529 181 1551 20
198 1517 351 1556 structis
380 1519 542 1557 falcatae
568 1518 695 1569 regiae
724 1518 936 1569 quadrigae
965 1518 1177 1569 permixtos
1207 1517 1348 1557 milites
1378 1526 1522 1568 pertur-

198 1582 292 1620 bant
306 1596 315 1630 3
342 1595 443 1633 quae
457 1590 588 1622 tamen
601 1583 775 1622 celeriter
791 1583 1042 1622 multitudine
1055 1585 1221 1622 telorum
1235 1583 1518 1633 opprimuntur.

198 1646 422 1696 Insequitur
442 1649 511 1686 has
531 1647 634 1686 acies
655 1647 839 1694 hostium,
862 1654 900 1686 et
925 1649 1095 1686 clamore
1119 1648 1274 1686 sublato
1301 1647 1522 1697 confligitur
1541 1663 1559 1693 3

195 1712 362 1749 multum
388 1711 599 1750 adiuvante
626 1719 763 1750 natura
788 1712 875 1759 loci,
898 1712 1109 1762 plurimum
1135 1713 1299 1751 deorum
1326 1711 1521 1751 immorta-

194 1775 289 1814 lium
306 1776 564 1826 benignitate3
591 1777 658 1827 qui
674 1791 764 1815 cum
781 1776 965 1816 omnibus
981 1776 1135 1815 casibus
1151 1776 1299 1815 bellicis
1316 1776 1518 1824 intersunt,

139 1854 177 1886 25
195 1847 278 1878 tum
299 1840 506 1891 praecipue
526 1841 581 1879 eis
602 1841 744 1891 quibus
765 1841 863 1879 nihil
882 1840 1030 1880 ratione
1050 1840 1177 1891 potuit
1197 1840 1468 1879 administrari.

250 1907 398 1956 Magno
418 1914 536 1956 atque
563 1906 640 1944 acri
667 1906 815 1956 proelio
842 1906 1064 1945 comminus
1090 1907 1194 1944 facto
1221 1907 1357 1944 dextro
1383 1919 1516 1953 cornu,
1537 1908 1591 1953 76

195 1983 274 2019 quo
305 1977 487 2009 veterana
520 1970 621 2021 legio
655 1978 762 2009 sexta
795 1978 875 2009 erat
913 1972 1114 2017 collocata,
1146 1970 1301 2008 initium
1335 1970 1519 2009 victoriae

194 2043 329 2073 natum
367 2042 435 2074 est.
494 2036 559 2074 Ab
593 2049 639 2074 ea
671 2042 779 2086 parte
813 2048 903 2074 curn
937 2035 977 2073 in
1011 2034 1182 2085 proclive
1220 2035 1519 2073 detruderentur

237 2148 256 2177 5
279 2138 430 2169 veterani
455 2138 663 2179 Stephanus:
698 2143 860 2169 veterana
891 2137 930 2167 X
1083 2139 1104 2168 6
1128 2148 1227 2177 quern
1258 2138 1310 2168 bis
1335 2142 1369 2168 et
1397 2136 1516 2178 vicies]

194 2191 293 2219 quem
310 2191 382 2212 xxn
399 2181 506 2212 D'T':
532 2192 631 2221 quem
649 2192 723 2212 cum
741 2182 874 2221 legione
891 2191 974 2212 xxn.
994 2180 1023 2210 L
1038 2193 1044 2212 z
1071 2192 1145 2212 cum
1163 2182 1295 2221 legione
1312 2191 1411 2220 quem
1429 2191 1513 2213 xxu.

197 2224 238 2254 U'
370 2235 410 2255 10
433 2226 673 2256 coartationem
687 2225 833 2255 Brutus:
853 2225 1095 2256 coortationem
1108 2225 1153 2255 F:
1172 2225 1435 2255 cohortationem
1450 2229 1513 2257 cett.

197 2277 233 2297 11
259 2278 357 2306 quem
378 2269 411 2298 in
432 2268 555 2309 locum]
573 2279 640 2307 quo
657 2269 688 2299 E
789 2268 897 2299 locum
914 2268 981 2299 edd.
999 2280 1005 2298 :
1031 2267 1154 2299 locoX
1299 2278 1337 2298 12
1361 2267 1395 2298 in
1420 2278 1515 2307 prae-

194 2315 323 2350 ruptam
341 2312 421 2342 LA:
446 2317 660 2351 praeruptam
686 2312 719 2342 in
740 2312 904 2351 proelium
922 2312 949 2342 L
965 2323 971 2341 z
998 2311 1031 2341 in
1050 2312 1153 2351 pliurn
1170 2311 1265 2342 D‘T:
1292 2311 1325 2341 in
1345 2311 1469 2341 bellum
1488 2311 1520 2340 V

198 2364 234 2392 17
259 2359 392 2385 revocat
414 2355 527 2385 Iurin:
552 2360 648 2386 vocat
668 2354 705 2384 X
810 2365 852 2385 22
877 2355 1067 2394 confligitur
1085 2354 1279 2385 Manutius:
1314 2354 1462 2394 confligit
1480 2353 1519 2384 X

194 2406 234 2435 23
251 2401 326 2427 ante
337 2402 455 2428 natura
466 2398 745 2429 videturexcidz'sse
756 2403 888 2429 nostros
949 2409 990 2437 24
1007 2398 1137 2429 bellicis
1148 2397 1335 2438 Stephanus
1348 2409 1353 2428 :
1373 2397 1470 2428 bellis
1480 2396 1518 2426 X

194 2441 235 2470 28
259 2440 312 2470 Ab
328 2442 349 2475 β
364 2452 370 2470 :
396 2452 438 2471 ex
455 2441 499 2471 D‘
581 2443 612 2471 in
631 2442 776 2481 proclive
792 2441 881 2473 edd.:
908 2442 942 2472 in
959 2441 1097 2481 proclivi
1115 2441 1216 2473 D'L‘:
1242 2440 1382 2480 proclivi
1405 2441 1440 2470 T'
