1705 2729
397 140 470 176 DE
502 138 681 176 BELLO
712 137 922 176 AFRICO
954 138 1123 175 LIBER

97 251 217 292 suasit
245 250 562 290 adulescentibus
591 264 641 288 ne
670 255 929 300 repugnarent
959 261 1123 297 seseque
1149 247 1320 298 Vergilio
1350 255 1419 286 tra-

97 319 244 357 derent.
305 318 444 365 Itaque
465 314 625 354 deducti
644 328 666 352 a
680 313 851 363 Vergilio
871 314 922 351 ad
943 312 1168 362 Scipionem
1189 312 1419 351 custodibus

97 380 226 420 traditi
247 387 285 419 et
304 387 393 431 post
413 380 519 418 diem
539 379 695 418 tertium
716 386 806 416 sunt
826 377 1029 416 interfecti.
1090 377 1169 425 Qui
1194 390 1283 415 curn
1305 379 1420 415 duce·
1437 395 1457 425 4

97 453 228 484 rentur
246 446 297 483 ad
317 458 466 491 necem,
484 443 626 494 petisse
642 442 784 482 dicitur
800 441 922 480 maior
937 441 1063 479 Titius
1083 455 1106 479 a
1127 441 1419 479 centurionibus

59 524 76 555 5
97 510 153 548 uti
173 524 214 548 se
233 509 400 560 priorem
417 522 535 562 quam
557 510 710 546 fratrem
732 507 1004 553 interficerent,
1022 506 1142 556 idque
1162 506 1211 544 ab
1234 505 1287 544 eis
1308 505 1420 544 facile

96 575 324 625 impetrasse
343 581 461 623 atque
480 573 533 611 ita
553 586 638 611 esse
658 572 892 610 interfectos.

149 641 319 677 Turmae
348 638 502 676 interim
532 637 720 688 equitum,
752 649 853 686 quae
881 649 953 687 pro
981 637 1083 674 vallo
1118 635 1157 673 in
1188 634 1419 673 stationibus
1438 639 1493 678 29

96 717 180 743 esse
206 704 385 741 solebant
404 699 471 754 [ab
493 702 666 752 utrisque
686 694 883 753 ducibus]‚
907 700 1052 739 cotidie
1079 700 1238 738 minutis
1265 699 1420 750 proeliis

95 769 194 806 inter
222 781 263 806 se
292 768 515 817 depugnare
539 780 621 804 non
647 765 934 813 intermittunt3
964 778 1045 803 non
1065 778 1282 814 numquam
1303 764 1419 802 etiam

40 851 77 872 10
96 831 282 872 Germani
312 831 492 882 Gallique
522 830 753 870 Labieniani
782 844 873 869 cum
903 830 1080 869 Caesaris
1115 829 1310 880 equitibus
1342 830 1420 868 fide

95 899 186 936 data
210 897 309 935 inter
335 910 376 935 se
403 897 738 946 colloquebantur.
800 895 998 934 Labienus
1023 894 1177 933 interim
1198 908 1287 933 cum
1312 901 1420 944 parte
1440 907 1456 929 2

95 962 290 1013 equitatus
311 961 467 1011 Leptim
488 961 690 1012 oppidum,
713 960 776 999 cui
796 967 971 1011 praeerat
991 961 1155 998 Saserna
1175 973 1264 998 cum
1286 960 1421 998 cohor-

95 1027 199 1066 tibus
231 1039 283 1073 Vl,
317 1039 542 1077 oppugnare
573 1039 618 1064 ac
650 1026 686 1063 vi
716 1026 928 1075 irrumpere
961 1026 1199 1071 conabatur3
1233 1025 1341 1074 quod
1369 1024 1420 1062 ab

96 1091 366 1130 defensoribus
396 1098 556 1145 propter
583 1090 775 1141 egregiam
806 1090 1067 1129 munitionem
1093 1089 1229 1140 oppidi
1259 1097 1297 1127 et
1326 1090 1421 1126 mul-

40 1174 76 1206 15
96 1156 303 1194 titudinem
324 1163 607 1194 tormentorum
634 1155 746 1193 facile
767 1162 804 1193 et
825 1154 908 1193 sine
928 1154 1102 1205 periculo
1123 1154 1417 1192 defendebatur.

97 1222 217 1270 Quod
237 1219 304 1259 ubi
325 1220 478 1271 saepius
500 1220 582 1258 eius
603 1220 798 1270 equitatus
819 1221 946 1258 facere
967 1233 1047 1257 non
1069 1218 1358 1264 intermittebat,
1383 1225 1420 1256 et
1441 1231 1458 1262 3

95 1299 185 1324 cum
214 1286 312 1324 forte
341 1293 431 1324 ante
460 1293 612 1335 portam
648 1292 774 1323 turma
802 1285 926 1323 densa
958 1283 1183 1330 adstitisset,
1215 1283 1421 1333 scorpione

94 1350 311 1389 accuratius
350 1350 469 1388 misso
506 1358 626 1401 atque
664 1363 799 1388 eorum
834 1349 1047 1388 decurione
1080 1361 1265 1399 percusso
1299 1355 1336 1386 et
1370 1348 1420 1386 ad

96 1429 241 1466 equum
268 1416 397 1454 defixo
422 1414 559 1465 reliqui
585 1414 775 1465 perterriti
804 1416 894 1464 fuga
924 1428 965 1452 se
994 1413 1033 1451 in
1063 1421 1187 1452 castra
1216 1412 1417 1463 recipiunt.

40 1493 79 1515 20
98 1482 190 1530 Quo
210 1482 313 1519 facto
333 1487 471 1530 postea
490 1487 581 1518 sunt
600 1479 771 1518 deterriti
793 1478 984 1529 oppidum
1005 1486 1205 1528 temptare.

149 1545 280 1595 Scipio
309 1544 463 1583 interim
492 1546 571 1583 fere
600 1544 745 1583 cotidie
773 1558 855 1582 non
883 1546 999 1593 longe
1023 1557 1045 1581 a
1069 1543 1147 1581 suis
1176 1542 1309 1581 castris
1338 1556 1422 1592 pas-
1439 1551 1494 1588 30

95 1611 202 1649 sibus
223 1622 296 1649 CCC
320 1610 509 1649 instruere
537 1609 661 1648 aciem
691 1622 737 1647 ac
767 1608 913 1647 maiore
943 1616 1051 1659 parte
1080 1607 1158 1646 diei
1187 1615 1421 1657 consumpta

95 1689 224 1714 rursus
244 1675 285 1713 in
305 1682 429 1713 castra
449 1688 490 1713 se
510 1674 691 1725 recipere.
736 1675 857 1723 Quod
878 1687 968 1712 cum
990 1673 1143 1723 saepius
1164 1674 1272 1710 fieret
1292 1686 1421 1721 neque
1443 1688 1457 1708 2

96 1754 142 1778 ex
176 1740 352 1779 Caesaris
383 1739 516 1778 castris
549 1738 756 1789 quisquam
787 1738 959 1788 prodiret
991 1750 1120 1787 neque
1150 1736 1309 1787 propius
1339 1736 1421 1774 eius

39 1822 77 1854 ²5
97 1804 230 1855 copias
263 1805 477 1851 accederet,
509 1805 694 1854 despecta
728 1802 904 1842 Caesaris
935 1801 1122 1852 patientia
1153 1801 1422 1850 exercitusque

97 1871 188 1917 eius,
215 1868 347 1922 [Iuba]
370 1869 558 1908 universis
582 1868 704 1918 copiis
732 1867 933 1918 productis
961 1866 1259 1917 elephantisque
1279 1866 1421 1904 turritis

96 1948 185 1973 xxx
216 1943 307 1974 ante
334 1935 459 1974 aciem
489 1934 696 1981 instructis,
723 1948 841 1984 quarn
874 1933 1061 1971 latissime
1088 1932 1215 1982 potuit
1246 1939 1423 1982 porrecta

96 2000 273 2050 equitum
304 2000 561 2051 peditumque
596 2000 847 2038 multitudine
877 2012 957 2037 uno
987 2005 1164 2047 tempore
1198 2010 1422 2047 progressus

97 2066 203 2104 haud
224 2065 276 2103 ita
295 2067 410 2116 longe
429 2079 452 2103 a
473 2065 649 2105 Caesaris
671 2065 804 2104 castris
826 2063 999 2103 constitit
1021 2062 1061 2100 in
1082 2075 1236 2111 campo.

39 2146 80 2177 30
152 2130 307 2179 Quibus
341 2131 456 2169 rebus
495 2130 659 2180 cognitis
695 2132 839 2170 Caesar
876 2129 984 2168 iubet
1024 2127 1176 2173 militeS,
1213 2126 1279 2176 qui
1318 2134 1422 2165 extra
1441 2134 1484 2170 31

140 2243 160 2272 3
184 2237 262 2264 sunt
293 2237 367 2263 ante
397 2233 509 2264 traditi
541 2233 612 2264 hab.
655 2233 684 2264 T
884 2233 904 2262 8
927 2233 967 2263 ab
1000 2232 1150 2271 utrisque
1182 2232 1320 2262 ducibus
1351 2231 1419 2262 secl.

97 2275 273 2316 Nipperdey
440 2287 475 2306 11
503 2276 590 2307 dicta
613 2276 649 2306 D
819 2286 855 2315 13
880 2286 914 2305 vr
940 2275 1134 2316 Nippetdey:
1160 2285 1197 2305 111
1223 2278 1269 2308 13:
1301 2285 1353 2304 1111
1380 2274 1424 2304 D'

99 2319 309 2350 conabantur
324 2319 358 2349 D
510 2321 549 2349 16
572 2324 605 2350 et
621 2319 678 2350 del.
694 2319 796 2357 Jm'in
948 2321 986 2349 18
1009 2319 1051 2349 ad
1069 2329 1191 2357 equum
1209 2318 1325 2348 Daelm
1344 2330 1349 2348 :
1381 2318 1422 2347 ad

99 2363 157 2402 (ab
185 2362 238 2403 U‘)
263 2363 401 2393 decuma
426 2361 463 2391 X
611 2373 647 2393 21
677 2372 795 2401 passus
813 2361 883 2392 DV
1025 2363 1066 2392 26
1091 2362 1172 2392 Iuba
1195 2362 1260 2392 secl.
1288 2361 1422 2391 Aldus:

100 2405 199 2435 Iubae
217 2405 282 2435 cod.
300 2405 499 2435 Petavianus
