1705 2729
486 129 559 164 DE
592 128 770 165 BELLO
801 128 978 165 CIVILI
1011 128 1110 164 LIB.
1147 128 1187 164 II

179 237 255 275 Sed
285 243 591 285 praeoccupatus
621 236 774 274 animus
803 236 1051 274 Attianorum
1088 235 1255 273 militum
1290 235 1427 274 timore
1461 244 1499 274 et
1520 243 1538 272 6

177 301 266 350 fuga
281 308 318 338 et
334 301 454 338 caede
475 313 632 338 suorum
650 299 745 338 nihil
762 301 811 338 de
828 300 1044 338 resistendo
1061 299 1266 349 cogitabat,
1282 313 1498 349 omnesque

177 363 252 402 iam
274 377 314 402 se
334 365 383 402 ab
405 364 578 414 equitatu
599 364 868 403 circumveniri
887 363 1182 402 arbitrabantur.
1235 365 1373 413 Itaque
1394 364 1498 414 prius

177 442 294 477 quam
329 430 449 466 telum
487 428 590 478 adigi
623 436 753 478 posset
791 436 858 466 aut
897 428 1018 466 nostri
1055 427 1213 477 propius
1252 429 1496 474 accederent,

138 502 155 533 5
176 492 303 530 omnis
324 493 415 531 Vari
442 493 544 531 acies
572 501 677 543 terga
704 492 815 532 vertit
842 507 963 543 seque
990 493 1028 530 in
1058 500 1181 531 castra
1208 492 1363 542 recepit.

230 559 319 606 Qua
350 558 389 595 in
424 559 513 607 fuga
544 558 686 596 Fabius
720 558 926 607 Paelignus
957 557 1118 607 quidam
1148 571 1194 595 ex
1226 557 1369 596 infimis
1400 558 1498 597 ordi-
1519 562 1568 600 35

175 622 289 661 nibus
319 624 369 661 de
396 623 564 662 exercitu
586 623 767 662 Curionis
792 623 960 672 primum
987 636 1128 672 agmen
1153 621 1383 673 fugientium
1409 636 1498 660 con-

175 695 329 726 secutus
362 701 502 737 magna
533 701 628 726 voce
655 690 802 726 Varum
838 687 997 726 nomine
1031 688 1232 737 appellans
1264 686 1493 736 requirebat,

175 752 230 790 uti
254 765 354 790 unus
384 766 467 791 esse
497 766 543 791 ex
567 752 648 791 eius
680 752 867 791 militibus
897 760 935 790 et
965 766 1123 790 monere
1153 751 1300 802 aliquid
1324 753 1422 790 velle
1452 766 1497 790 ac

119 828 156 850 10
175 816 303 855 dicere
323 816 526 856 videretur.
587 817 668 856 Ubi
692 817 755 856 ille
783 817 936 867 saepius
963 818 1179 867 appellatus
1206 816 1354 866 aspexit
1375 830 1419 855 ac
1445 830 1497 855 re·
1521 827 1534 847 2

174 881 267 919 stitit
288 889 325 920 et
346 882 431 932 quis
453 890 552 921 esset
572 890 638 920 aut
659 882 753 932 quid
770 883 885 921 vellet
905 881 1104 932 quaesivit,
1121 895 1298 920 umerum
1319 889 1496 931 apertum

172 946 301 995 gladio
339 946 486 996 appetit
526 948 766 997 paulumque
805 946 899 984 afuit
933 946 1027 996 quin
1058 948 1205 984 Varum
1240 945 1496 985 interficeret:

173 1012 280 1059 quod
305 1010 368 1050 ille
393 1011 608 1061 periculum
636 1012 789 1050 sublato
816 1013 865 1049 ad
894 1011 975 1049 eius
1003 1018 1186 1049 conatum
1216 1018 1327 1049 scuto
1351 1009 1492 1048 vitavit.

175 1075 317 1114 Fabius
338 1090 360 1114 a
381 1077 564 1126 proximis
591 1076 777 1115 militibus
799 1076 1086 1114 circumventus
1108 1075 1343 1114 interficitur.
1407 1077 1496 1112 Hac
1519 1083 1535 1113 3

116 1150 152 1182 15
173 1139 401 1190 fugientium
442 1141 692 1180 multitudine
730 1155 775 1179 ac
810 1142 923 1179 turba
957 1148 1091 1190 portae
1130 1148 1343 1178 castrorum
1383 1154 1496 1177 occu-

172 1212 311 1253 pantur
348 1212 466 1254 atque
506 1205 576 1244 iter
615 1205 836 1255 impeditur,
874 1207 1082 1255 pluresque
1121 1204 1159 1242 in
1199 1218 1245 1242 eo
1285 1206 1373 1242 loco
1413 1204 1495 1242 sine

171 1270 328 1307 vulnere
356 1282 473 1319 quam
501 1269 541 1307 in
569 1270 716 1320 proelio
743 1278 809 1308 aut
837 1271 926 1319 fuga
952 1269 1147 1308 intereunt
1172 1282 1300 1318 neque
1328 1270 1493 1306 multum

170 1333 265 1371 afuit
286 1333 379 1384 quin
408 1334 524 1373 etiam
553 1335 686 1373 castris
711 1336 1002 1385 expellerentur,
1026 1347 1072 1372 ac
1096 1347 1175 1372 non
1202 1333 1297 1372 nulli
1318 1333 1494 1383 protinus

170 1399 310 1436 eodem
349 1412 463 1437 cursu
503 1399 541 1437 in
580 1399 771 1449 oppidum
811 1400 1108 1437 contenderunt.
1177 1399 1255 1437 Sed
1293 1410 1383 1436 cum
1418 1397 1531 1439 loci4

113 1476 151 1498 20
170 1470 306 1500 natura
335 1471 373 1501 et
402 1464 568 1502 munitio
600 1472 812 1502 castrorum
847 1463 996 1502 aditum
1012 1464 1248 1513 prohibebat,
1278 1468 1358 1500 tum
1385 1463 1493 1511 quod

168 1528 218 1565 ad
249 1527 439 1577 proelium
471 1528 612 1579 egressi
648 1528 830 1568 Curionis
866 1528 1005 1566 milites
1036 1528 1089 1566 eis
1121 1528 1235 1566 rebus
1265 1526 1493 1576 indigebant

169 1604 269 1640 quae
288 1593 338 1630 ad
355 1592 689 1642 oppugnationem
711 1600 923 1630 castrorum
945 1599 1053 1630 erant
1070 1591 1165 1629 usui.
1218 1592 1356 1640 Itaque
1373 1590 1492 1630 Curio
1515 1606 1530 1636 5

169 1655 378 1694 exercitum
409 1656 448 1694 in
479 1664 603 1695 castra
637 1657 787 1695 reducit
821 1656 899 1694 suis
931 1656 1115 1697 omnibus
1146 1663 1296 1705 praeter
1326 1655 1491 1693 Fabium

169 1719 441 1767 incolumibus,
459 1735 504 1759 ex
525 1735 688 1759 numero
708 1721 1017 1760 adversariorum
1038 1720 1187 1758 circiter
1208 1732 1261 1758 DC
1281 1719 1492 1758 interfectis

111 1799 148 1830 25
168 1797 214 1822 ac
247 1800 284 1824 00
323 1786 555 1833 vulneratis,
595 1786 662 1835 qui
697 1800 834 1824 omnes
874 1785 1048 1824 discessu
1080 1784 1262 1825 Curionis
1301 1784 1492 1834 multique

168 1856 365 1898 praeterea
385 1864 453 1900 per
473 1850 761 1889 simulationem
782 1852 987 1889 vulnerum
1012 1864 1058 1889 ex
1081 1849 1214 1888 castris
1238 1849 1276 1887 in
1299 1849 1489 1899 oppidum

167 1922 324 1963 propter
344 1915 523 1954 timorem
544 1929 628 1954 sese
652 1915 853 1965 recipiunt.
909 1915 1000 1963 Qua
1020 1929 1059 1952 re
1079 1914 1349 1952 animadversa
1364 1915 1489 1951 Varus
1511 1921 1529 1951 6

167 1985 205 2015 et
232 1985 374 2017 terrore
403 1979 592 2017 exercitus
622 1979 779 2030 cognito
810 1979 1039 2018 bucinatore
1066 1979 1104 2016 in
1132 1978 1265 2017 castris
1292 1986 1330 2016 et
1356 1978 1490 2028 paucis

166 2043 217 2080 ad
255 2043 426 2092 speciem
464 2044 725 2083 tabernaculis
763 2044 904 2083 relictis
943 2045 994 2083 de
1031 2043 1142 2082 tertia
1176 2043 1303 2093 vigilia
1336 2042 1490 2082 silentio

111 2117 150 2148 30
167 2107 374 2146 exercitum
406 2108 446 2146 in
476 2109 665 2159 oppidum
696 2109 856 2147 reducit.

222 2174 383 2211 Postero
421 2173 485 2211 die
525 2173 644 2213 Curio
684 2173 865 2212 obsidere
905 2173 1063 2213 Uticam
1105 2174 1286 2222 valloque
1329 2171 1491 2210 circum·
1510 2174 1564 2219 36

210 2288 229 2316 4
255 2278 341 2316 adigi
359 2278 523 2308 Fam-ms:
550 2277 633 2309 abici
652 2280 675 2313 β
795 2289 816 2317 9
840 2276 931 2316 esse]
958 2282 1047 2308 esset
1070 2277 1105 2307 T'
1193 2287 1235 2307 20
1258 2276 1384 2306 aditum
1402 2276 1488 2306 codd.

170 2330 238 2351 J‘ccr.
257 2332 263 2351 z
287 2322 371 2351 adiri
385 2325 462 2351 tunc
476 2320 514 2350 X
594 2321 795 2362 prohibebat
812 2321 886 2352 add.
907 2321 1083 2350 Manarsns
1143 2325 1211 2351 tum
1230 2319 1303 2350 add.
1325 2320 1493 2349 Buecheler

169 2373 208 2401 25
237 2375 264 2394 m
294 2364 332 2394 U‘
349 2375 425 2395 corr.
443 2376 449 2394 z
474 2375 514 2396 eo
533 2365 579 2396 L:
605 2376 668 2395 οιιι.
689 2364 778 2395 D'T'
867 2375 907 2404 29
933 2364 1155 2395 tabernaculis
1174 2375 1207 2393 r:
1235 2363 1441 2394 tabernaculi
1460 2361 1492 2391 X
