1705 2729
571 111 614 148 C.
650 111 764 147 IVLI
797 110 1065 148 CAESARIS

151 220 257 258 adire
292 227 410 270 atque
445 220 648 258 obsecrare
684 227 724 258 ut
755 233 822 270 per
853 233 920 258 eos
951 221 1095 259 Caesar
1123 221 1262 260 certior
1293 222 1401 260 fieret
1431 235 1480 260 ne

152 284 274 323 labori
305 298 376 323 suo
407 298 483 322 neu
514 284 687 333 periculo
718 293 891 334 parceret
906 299 916 332 ,·
945 293 1099 334 paratos
1129 298 1213 324 esse
1242 299 1337 333 sese,
1364 299 1480 336 posse

152 356 189 387 et
210 350 355 387 audere
376 363 422 387 ea
445 348 607 387 transire
636 350 782 387 flumen
810 362 887 398 qua
915 350 1115 387 traductus
1143 358 1244 388 esset
1270 351 1477 401 equitatus.

115 425 132 455 3
154 415 334 462 Quorum
369 413 500 452 studio
530 421 568 452 et
602 413 765 452 vocibus
800 413 988 451 excitatus
1021 415 1174 461 Caesar,
1211 415 1283 453 etsi
1317 415 1481 455 timebat

153 486 283 516 tantae
318 478 578 528 magnitudini
610 478 781 516 fluminis
812 478 1022 516 exercitum
1053 478 1219 526 obicere,
1252 482 1479 519 conandum
1500 499 1516 529 5

112 556 128 585 4
153 550 284 581 tamen
332 551 450 593 atque
498 543 778 593 experiendum
826 542 982 581 iudicat.
1062 545 1202 593 Itaque
1248 544 1480 584 infirmiores

153 607 294 646 milites
334 622 379 646 ex
418 608 603 647 omnibus
651 607 835 646 centuriis
874 607 991 657 deligi
1039 608 1157 655 iubet,
1199 622 1366 658 quorum
1413 618 1479 648 aut

113 685 129 715 5
152 673 306 711 animus
344 681 411 711 aut
449 673 547 711 vires
586 673 820 711 videbantur
858 672 1047 711 sustinere
1085 686 1165 711 non
1204 686 1329 723 posse.
1390 676 1479 712 Hos

153 751 242 776 cum
264 737 418 787 legione
438 751 516 776 una
536 738 731 788 praesidio
748 738 880 776 castris
897 738 1080 788 relinquit
1088 753 1098 786 3
1123 738 1289 788 reliquas
1306 738 1479 788 legiones

153 802 352 851 expeditas
374 802 506 840 educit
527 816 750 852 magnoque
771 816 935 841 numero
962 803 1226 841 iumentorum
1253 803 1293 840 in
1317 803 1479 842 flumine
1501 817 1539 840 10

112 875 130 905 6
152 880 268 916 supra
287 874 406 917 atque
436 867 533 905 infra
562 867 776 906 constituto
806 868 972 906 traducit
1002 868 1223 906 exercitum.
1284 868 1403 906 Pauci
1433 882 1479 906 ex

152 932 211 970 his
236 932 424 971 militibus
448 932 567 971 ablati
592 932 753 971 flumine
773 933 823 971 ab
848 932 1024 982 equitatu
1052 932 1296 982 excipiuntur
1318 946 1364 970 ac
1391 933 1479 970 sub-

151 999 327 1036 levantur
341 1013 351 1045 3
380 997 509 1036 interit
530 1005 662 1036 tamen
684 1011 811 1036 nemo.
871 999 1072 1036 Traducto
1093 997 1281 1035 incolumi
1308 997 1477 1036 exercitu

113 1074 129 1108 7
151 1063 284 1112 copias
305 1062 459 1101 instruit
486 1062 757 1113 triplicemque
783 1062 907 1101 aciem
934 1064 1078 1101 ducere
1105 1062 1250 1112 incipit.
1309 1065 1369 1101 Ac
1396 1070 1477 1100 tan-

151 1135 234 1165 tum
259 1127 330 1166 fuit
354 1127 393 1165 in
418 1127 606 1166 militibus
634 1127 738 1166 studi
763 1135 804 1165 ut
832 1127 982 1166 milium
1011 1140 1049 1165 VI
1081 1129 1130 1166 ad
1161 1127 1232 1165 iter
1259 1127 1396 1166 addito
1424 1128 1476 1165 ad
1497 1145 1534 1177 15

150 1193 295 1230 vadum
335 1191 498 1230 circuitu
537 1205 757 1241 magnaque
795 1192 967 1230 fluminis
1006 1205 1115 1230 mora
1148 1191 1375 1242 interposita
1409 1205 1476 1230 eos

151 1256 218 1306 qui
252 1257 302 1295 de
336 1256 447 1295 tertia
480 1256 608 1305 vigilia
646 1256 814 1294 exissent
847 1263 937 1294 ante
971 1257 1107 1294 horam
1142 1256 1219 1294 diei
1249 1268 1351 1294 vnn.
1389 1269 1478 1294 con-

152 1329 414 1370 sequerentur.

77 1383 130 1429 65
206 1388 319 1435 Quos
349 1386 416 1425 ubi
446 1387 629 1425 Afranius
660 1388 794 1436 procul
825 1386 927 1425 visos
957 1400 1047 1425 cum
1079 1386 1232 1425 Petreio
1261 1386 1474 1436 conspexit,

151 1464 253 1490 nova
290 1465 330 1490 re
368 1451 591 1501 perterritus
630 1451 725 1490 locis
765 1451 1028 1501 superioribus
1067 1451 1239 1490 constitit
1273 1451 1477 1500 aciemque
1500 1469 1538 1490 20

113 1530 127 1550 2
151 1515 314 1554 instruit.
375 1517 519 1555 Caesar
548 1516 587 1554 in
618 1516 765 1566 campis
795 1516 1006 1555 exercitum
1037 1516 1169 1563 reficit,
1201 1529 1251 1554 ne
1279 1517 1477 1554 defessum

151 1580 300 1630 proelio
321 1580 465 1618 obiciat
480 1596 490 1628 3
520 1594 649 1619 rursus
670 1580 849 1619 conantis
866 1580 1045 1631 progredi
1067 1580 1283 1630 insequitur
1299 1588 1336 1618 et
1357 1593 1479 1618 mora-

113 1656 130 1686 3
151 1653 220 1683 tur.
296 1645 357 1683 Illi
397 1645 616 1684 necessario
651 1645 839 1684 maturius
877 1658 995 1695 quam
1036 1645 1317 1684 constituerant
1355 1653 1478 1683 castra

150 1718 315 1760 ponunt.
375 1711 569 1748 Suberant
595 1710 701 1749 enim
728 1718 883 1749 montes
909 1718 1028 1760 atque
1053 1724 1076 1748 a
1106 1710 1262 1748 milibus
1291 1723 1477 1759 passuum

112 1784 132 1813 4
153 1786 176 1811 V
198 1774 335 1813 itinera
364 1774 536 1813 difficilia
565 1782 683 1825 atque
712 1783 877 1824 angusta
902 1775 1158 1825 excipiebant.
1221 1777 1309 1813 Hos
1333 1774 1478 1813 montis
1500 1791 1537 1821 25

151 1840 292 1877 intrare
327 1839 548 1888 cupiebant,
587 1847 628 1877 ut
662 1839 879 1888 equitatum
915 1841 1127 1888 effugerent
1163 1838 1340 1878 Caesaris
1374 1852 1478 1888 prae-

151 1903 338 1953 sidiisque
386 1903 425 1941 in
463 1903 650 1953 angustiis
690 1904 890 1958 collocatis
929 1904 1139 1942 exercitum
1179 1903 1315 1941 itinere
1353 1903 1479 1953 prohi-

151 1968 298 2013 berent,
330 1967 403 2017 ipsi
438 1967 521 2005 sine
556 1968 729 2017 periculo
764 1981 809 2005 ac
844 1968 982 2006 timore
1016 1968 1211 2006 Hiberum
1246 1967 1379 2017 copias
1409 1975 1479 2005 tra-

114 2035 130 2065 5
151 2033 349 2070 ducerent.
429 2034 550 2081 Quod
580 2034 652 2071 fuit
681 2033 754 2071 illis
785 2035 1010 2072 conandum
1045 2040 1163 2082 atque
1193 2034 1301 2071 omni
1330 2032 1479 2070 ratione

194 2146 214 2174 5
240 2136 460 2175 magnitudini
485 2137 538 2169 T‘:
576 2136 817 2176 magnitudinis
835 2136 922 2167 D'L'
1077 2136 1223 2166 fluminis
1239 2135 1315 2170 Da:
1353 2136 1479 2165 ssumini

151 2178 227 2209 EL2
375 2190 409 2210 11
440 2180 539 2210 Pauci
557 2180 643 2210 codd.
664 2183 815 2210 recentes:
852 2180 969 2219 paucis
987 2182 1051 2218 <cs
1068 2180 1113 2218 E)
1131 2178 1169 2208 X
1319 2189 1356 2208 12
1381 2178 1478 2208 ablati

151 2221 309 2253 Diibner:
344 2233 435 2253 arma
453 2224 486 2252 in
505 2222 562 2257 De
578 2235 585 2254 :
618 2224 651 2253 in
670 2223 702 2253 E
793 2226 868 2262 post
883 2223 1020 2253 flumine
1038 2222 1113 2253 add.
1133 2226 1267 2261 arrepta
1285 2222 1353 2261 (-os
1373 2221 1417 2261 E]
1437 2221 1482 2251 D'

156 2274 193 2303 15
218 2266 318 2295 studii
351 2268 396 2300 βε
437 2267 549 2296 studi&
581 2266 625 2296 D'
835 2266 876 2296 ad
902 2267 1021 2296 vadum
1042 2269 1118 2306 post
1142 2275 1330 2304 magnaque
1356 2269 1480 2304 trausp.

152 2308 272 2338 Dz'nter
403 2319 441 2339 21
470 2309 576 2339 reficit
607 2310 668 2340 Τις
710 2308 825 2339 refecit
855 2308 1023 2339 T2D'L'V
1158 2318 1199 2347 23
1224 2308 1387 2338 maturius
1408 2311 1482 2347 post

153 2353 400 2424 εφηεῒὶξῖιιετίζιῐ
426 2351 469 2381 D‘
605 2353 646 2382 26
670 2353 797 2383 intrare
822 2353 999 2391 cupiebant
1025 2351 1223 2392 Nipperdey:
1257 2352 1343 2381 intra
1367 2361 1403 2380 se
1430 2361 1478 2380 re-

155 2405 241 2434 cipie
266 2400 322 2425 ant
