1705 2729
640 143 683 179 (j.
719 142 834 178 IVLI
868 141 1136 178 (xxlzsiles

224 260 359 300 quarta
388 251 471 290 acie
502 253 717 289 collocatae
748 259 877 289 essent
907 250 1060 288 initium
1091 249 1274 289 victoriae
1306 249 1476 296 oriretur,
1510 258 1551 288 ut

184 328 202 357 4
224 316 305 366 ipse
333 317 370 353 in
399 316 652 354 cohortandis
679 315 865 353 militibus
896 314 1221 365 pronuntiaverat.
1282 315 1345 352 Ab
1367 314 1425 352 liis
1446 314 1550 352 enim

222 380 390 430 primum
417 380 612 430 equitatus
643 388 700 418 est
730 381 874 430 pulsus,
898 380 947 418 ab
979 379 1103 418 isdem
1135 381 1258 417 factae
1279 380 1420 417 caedes
1441 378 1551 428 sagit-

222 445 405 483 tariorum
427 459 473 483 ac
494 445 749 491 funditorum,
767 445 817 483 ab
834 445 959 483 isdem
975 444 1078 482 acies
1098 443 1337 494 Pompeiana
1356 457 1379 482 a
1399 443 1551 482 sinistra

182 518 199 549 5
222 518 328 560 parte
350 518 429 548 erat
450 509 653 548 circumita
676 518 794 560 atque
815 509 967 547 initium
990 511 1102 559 fugae
1123 510 1278 546 factum.
1339 510 1417 547 Sed
1439 510 1551 546 Pom-
1570 523 1587 554 5
1634 555 1637 557 ‚

220 574 342 623 peius,
366 582 406 612 ut
436 574 654 624 equitatum
686 588 799 613 suum
830 575 985 623 pulsum
1013 572 1108 611 vidit
1136 581 1255 623 atque
1284 586 1370 611 earn
1401 581 1549 623 partem

219 638 282 676 cui
318 638 485 677 maxime
520 640 746 678 confidebat
779 638 1019 689 perterritam
1055 637 1229 675 animum
1259 637 1436 684 advertit,
1467 637 1550 675 aliis

220 703 367 741 diffisus
391 704 474 742 acie
500 704 664 742 excessit
691 704 946 754 protinusque
976 717 1016 741 se
1044 702 1081 740 in
1110 710 1234 741 castra
1261 716 1364 752 equo
1385 702 1551 740 contulit

219 775 255 805 et
277 767 332 806 eis
353 768 648 807 centurionibus
677 782 776 818 quos
804 768 842 806 in
872 768 1038 806 statione
1065 770 1116 808 ad
1143 767 1374 818 praetoriam
1397 775 1548 818 portam

218 840 400 882 posuerat
439 834 550 880 clare,
594 841 635 871 ut
674 833 815 872 milites
857 832 1094 879 exaudirent,
1141 832 1371 878 ‘Tuemini‚'
1409 831 1545 881 inquit,
1571 847 1609 870 10

220 901 369 935 ‘castra
408 905 445 936 et
484 897 685 936 defendite
724 898 937 948 diligenter,
976 899 1006 936 si
1046 898 1141 948 quid
1180 898 1312 937 durius
1351 896 1546 935 acciderit.

219 961 304 1009 Ego
336 960 503 1010 reliquas
533 969 663 1011 portas
694 960 891 999 circumeo
923 969 960 999 et
993 969 1207 1000 castrorum
1238 959 1431 1010 praesidia
1459 973 1549 998 con—

179 1034 196 1064 o
219 1025 355 1063 firmo.⁷
415 1027 528 1063 Haec
549 1039 639 1064 cum
667 1025 836 1072 dixisset,
862 1039 902 1064 se
932 1026 971 1063 in
999 1026 1234 1076 praetorium
1262 1024 1428 1064 contulit
1448 1037 1549 1063 sum-

220 1103 306 1128 mae
327 1089 380 1128 rei
401 1089 584 1128 diffidens
606 1098 643 1128 et
664 1098 796 1129 tamen
818 1098 1002 1129 eventum
1025 1099 1263 1141 exspectans.

147 1164 201 1202 95
274 1156 419 1194 Caesar
434 1155 684 1205 Pompeianis
706 1170 752 1193 ex
773 1157 863 1206 fuga
883 1156 981 1194 intra
999 1157 1141 1194 vallum
1163 1155 1375 1206 compulsis
1396 1156 1546 1193 nullum
1570 1168 1607 1200 15

219 1219 387 1268 spatium
419 1220 627 1270 perterritis
659 1220 742 1259 dari
775 1228 953 1271 oportere
989 1221 1211 1259 existimans
1242 1221 1382 1260 milites
1413 1222 1548 1259 cohor-

218 1291 319 1322 tatus
350 1293 407 1323 est
438 1293 479 1323 ut
514 1285 707 1324 beneficio
743 1287 920 1324 fortunae
960 1293 1159 1324 uterentur
1189 1293 1392 1335 castraque
1426 1298 1548 1335 oppu-

182 1366 195 1386 2
216 1358 388 1398 gnarent.
451 1350 531 1398 Qui
553 1350 624 1388 etsi
647 1364 790 1400 magno
810 1358 1069 1389 aestu-nam
1090 1352 1140 1389 ad
1162 1350 1365 1389 meridiem
1387 1363 1446 1388 res
1467 1357 1547 1388 erat

216 1415 594 1463 perducta—tamen
615 1416 666 1454 ad
691 1428 851 1453 omnem
879 1416 1053 1454 laborem
1080 1415 1213 1453 animo
1240 1414 1362 1465 parati
1382 1413 1546 1464 imperio

179 1488 436 1529 3paruerunt.
497 1481 634 1519 Castra
664 1494 687 1518 a
725 1480 953 1519 cohortibus
985 1494 1086 1530 quae
1120 1480 1174 1518 ibi
1208 1479 1402 1530 praesidio
1436 1485 1545 1517 erant
1565 1489 1606 1512 20

214 1543 370 1583 relictae
415 1544 606 1583 industrie
651 1545 976 1592 defendebantur,
1025 1546 1149 1583 multo
1194 1544 1311 1583 etiam
1353 1543 1478 1582 acrius
1523 1557 1546 1581 a

175 1621 194 1650 4
215 1609 434 1648 Thracibus
467 1609 721 1659 barbarisque
750 1609 910 1648 auxiliis.
973 1611 1076 1648 Nam
1111 1609 1177 1659 qui
1211 1609 1295 1648 acie
1326 1610 1545 1659 refugerant

214 1674 365 1721 milites,
401 1682 438 1713 et
469 1674 602 1713 animo
642 1675 832 1724 perterriti
867 1682 904 1713 et
938 1674 1167 1713 lassitudine
1201 1673 1380 1721 confecti,
1418 1672 1544 1712 missis

213 1739 388 1789 plerique
417 1739 533 1777 armis
564 1739 763 1790 signisque
793 1739 1025 1778 militaribus
1052 1739 1174 1790 magis
1201 1741 1251 1778 de
1278 1739 1426 1789 reliqua
1454 1741 1545 1790 fuga

174 1819 192 1849 5
213 1817 331 1852 quam
370 1805 420 1842 de
460 1812 673 1842 castrorum
714 1804 944 1843 defensione
982 1804 1217 1854 cogitabant.
1278 1806 1419 1854 Neque
1452 1818 1544 1843 vero
1564 1816 1602 1848 25

211 1867 357 1906 diutius
385 1868 451 1918 qui
479 1868 518 1906 in
549 1870 651 1906 vallo
681 1868 936 1907 constiterant
965 1869 1259 1908 multitudinem
1289 1871 1454 1908 telorum
1483 1882 1544 1907 su-

211 1932 353 1971 stinere
374 1941 586 1983 potuerunt
613 1935 683 1972 sed
704 1933 873 1972 confecti
894 1934 1118 1972 vulneribus
1140 1936 1269 1972 locum
1291 1933 1540 1984 reliquerunt,

211 1997 468 2048 protinusque
504 2012 642 2037 omnes
674 1998 843 2037 ducibus
877 1998 936 2036 usi
971 1998 1266 2037 centurionibus
1298 1999 1543 2048 tribunisque

212 2062 379 2100 militum
419 2063 458 2101 in
492 2063 702 2102 altissimos
742 2063 897 2110 montis,
934 2063 1001 2112 qui
1034 2064 1085 2102 ad
1124 2071 1248 2101 castra
1281 2063 1538 2113 pertinebant,

211 2129 479 2177 confugerunt.
1560 2140 1602 2170 30

256 2241 269 2261 1
296 2231 460 2272 oriretur]
492 2237 646 2262 oreretur
675 2232 714 2261 L'
862 2243 881 2271 3
906 2233 946 2263 ab
974 2233 1103 2262 isdem.
1125 2257 1129 2262 .
1152 2256 1158 2262 .
1180 2228 1386 2262 funditorum
1414 2242 1479 2262 om.
1510 2231 1540 2262 L

213 2285 227 2313 7
255 2275 329 2305 aliis
354 2275 552 2306 Manutius:
586 2276 694 2314 aliisq;
712 2275 825 2306 D'T':
861 2276 1002 2315 aliisque
1027 2280 1092 2314 qua
1114 2276 1258 2306 maxime
1281 2275 1322 2305 L'
1519 2286 1541 2313 9

211 2322 342 2356 portam
369 2329 432 2349 om.
460 2318 496 2348 T‘
634 2328 670 2357 15
697 2319 784 2349 intra
801 2330 834 2349 r:
874 2320 963 2350 inter
985 2318 1023 2348 X
1156 2320 1195 2349 16
1220 2319 1291 2349 dari
1314 2318 1538 2349 Vascosmms:

210 2362 289 2392 darc
308 2361 345 2390 X
480 2364 516 2392 18
543 2363 669 2401 fatigati
688 2362 762 2392 add.
786 2361 825 2391 L‘
838 2367 912 2403 post
927 2368 1022 2393 aestu
