1705 2729
127 820 163 842 10

123 1464 161 1485 20

119 2105 159 2134 30

483 122 557 159 DE
588 121 767 159 BELLO
798 121 975 159 CIVILI
1007 121 1109 158 LIB.
1144 122 1208 158 III

186 231 364 269 inferiore
403 233 490 269 loco
528 232 712 268 adversus
751 231 893 268 clivum
932 230 1081 268 incitati
1120 244 1234 268 cursu
1274 231 1503 282 praecipites

186 294 446 345 Pompeianos
471 302 630 343 egerunt
657 301 694 332 et
721 301 825 343 terga
844 301 991 331 vertere
1019 302 1230 343 coegerunt
1247 308 1257 342 3
1287 294 1428 344 quibus
1454 297 1504 333 ad

184 359 450 408 recipiendum
472 366 594 396 crates
615 359 793 396 derectae
814 357 1058 407 longuriique
1079 357 1224 395 obiecti
1245 366 1282 395 et
1306 358 1504 397 institutae

183 425 309 462 fossae
336 436 478 473 magno
503 422 788 471 impedimento
817 423 982 459 fuerunt.
1044 421 1177 459 Nostri
1198 435 1298 469 vero,
1323 422 1389 472 qui
1413 422 1504 460 satis
1524 430 1543 461 6

183 487 381 525 hab-ebant
401 488 484 525 sine
504 486 739 524 detrimento
760 485 972 532 discedere,
992 485 1259 535 compluribus
1280 485 1500 533 interfectis,

183 564 208 588 v
228 551 390 590 omnino
414 564 571 589 suorum
601 549 752 588 amissis
781 549 1022 599 quietissime
1051 563 1092 587 se
1116 557 1345 599 receperunt
1374 552 1505 599 paulo-

182 629 259 665 que
279 615 372 653 citra
392 629 481 653 eum
502 617 632 653 locum
659 614 743 652 aliis
763 613 1056 664 comprehensis
1077 613 1242 652 collibus
1268 614 1504 653 munitiones

182 681 434 729 perfecerunt.

238 745 328 781 Erat
367 757 468 782 nova
501 750 538 781 et
570 743 751 781 inusitata
789 742 881 781 belli
912 742 1009 781 ratio
1041 757 1130 781 curn
1166 751 1223 782 tot
1257 745 1503 782 castellorum
1525 756 1575 794 47

182 821 345 846 numero
366 815 554 857 tantoque
581 808 706 858 spatio
727 815 764 846 et
789 807 904 846 tantis
933 807 1216 847 munitionibus
1237 816 1274 846 et
1302 816 1385 847 toto
1406 809 1505 846 obsi-

181 871 309 911 dionis
333 885 484 921 genere,
512 880 594 910 tum
622 872 737 910 etiam
763 871 919 921 reliquis
949 873 1074 910 rebus.
1136 874 1238 910 Nam
1265 872 1504 922 quicumque
1527 886 1541 906 2

180 938 343 975 alterum
364 936 544 975 obsidere
565 936 694 975 conati
716 944 815 982 sunt,
834 938 1031 986 perculsos
1052 944 1169 986 atque
1186 936 1360 975 infirmos
1382 936 1504 975 hostis

181 1000 306 1039 adorti
326 1008 392 1038 aut
412 1000 559 1050 proelio
581 1007 781 1049 superatos
808 1008 874 1037 aut
900 1000 1029 1049 aliqua
1059 1000 1275 1039 offensione
1305 1008 1503 1050 permotos

182 1065 468 1111 continuerunt,
500 1079 589 1102 cum
621 1064 693 1114 ipsi
724 1078 887 1102 numero
917 1065 1093 1114 equitum
1124 1065 1370 1114 militumque
1399 1079 1504 1115 prae-

182 1136 325 1167 starent
343 1144 350 1173 ;
380 1142 496 1167 causa
515 1136 644 1183 autem
668 1128 883 1166 obsidionis
905 1130 1001 1166 haec
1022 1130 1100 1166 fere
1122 1142 1205 1166 esse
1226 1128 1439 1175 consuevit,
1463 1136 1504 1167 ut

181 1194 375 1231 frumento
400 1192 521 1230 hostis
552 1192 812 1241 prohiberent.
873 1194 924 1229 At
950 1200 1031 1230 turn
1062 1192 1228 1242 integras
1258 1201 1374 1242 atque
1402 1193 1505 1232 inco·
1526 1207 1543 1237 3

180 1257 295 1295 lumis
326 1257 458 1307 copias
494 1258 637 1295 Caesar
666 1256 845 1294 inferiore
875 1256 1041 1294 militum
1072 1271 1235 1295 numero
1265 1257 1503 1304 continebat,

180 1335 270 1359 cum
305 1321 357 1360 illi
390 1321 567 1360 omnium
600 1335 725 1359 rerum
757 1321 870 1371 copia
908 1322 1177 1367 abundarent;
1217 1322 1362 1360 cotidie
1400 1323 1504 1361 enim

181 1399 343 1436 magnus
374 1385 549 1435 undique
582 1385 738 1423 navium
776 1399 959 1423 numerus
987 1386 1244 1424 conveniebat
1276 1400 1376 1435 quae
1403 1400 1506 1425 com-

181 1458 352 1488 meatum
374 1457 656 1500 supportarent,
682 1463 810 1499 neque
832 1451 932 1487 ullus
961 1451 1051 1488 flare
1072 1458 1210 1488 ventus
1231 1458 1381 1500 poterat
1410 1451 1504 1500 quin

179 1514 308 1564 aliqua
339 1529 385 1553 ex
416 1522 522 1564 parte
554 1515 771 1553 secundum
804 1528 959 1552 cursum
993 1515 1190 1552 haberent.
1253 1516 1342 1565 Ipse
1373 1522 1503 1553 autem
1525 1532 1543 1559 4

178 1578 419 1628 consumptis
441 1578 623 1617 omnibus
644 1581 758 1628 longe
779 1580 933 1628 lateque
953 1578 1155 1617 frumentis
1183 1579 1344 1617 summis
1366 1587 1445 1617 erat
1465 1579 1504 1616 in

177 1643 374 1693 angustiis.
435 1645 513 1682 Sed
540 1651 671 1681 tamen
700 1645 796 1681 haec
824 1643 1006 1693 singulari
1031 1643 1218 1692 patientia
1245 1642 1385 1681 milites
1412 1645 1504 1682 fere-
1524 1657 1540 1688 5

179 1707 282 1745 bant.
344 1709 668 1746 Recordabantur
699 1707 803 1746 enim
836 1709 974 1746 eadem
1016 1721 1056 1745 se
1096 1707 1292 1757 superiore
1326 1721 1430 1746 anno
1464 1708 1503 1745 in

141 1771 374 1822 :Hispania
407 1786 610 1822 perpessos
645 1773 777 1811 labore
811 1780 848 1810 et
887 1772 1074 1822 patientia
1110 1772 1320 1810 maximum
1356 1773 1503 1810 bellurn

178 1836 417 1884 confecisse;
460 1837 716 1875 meminerant
754 1838 804 1875 ad
835 1836 1007 1875 Alesiam
1041 1850 1222 1886 magnam
1256 1850 1296 1874 se
1330 1836 1503 1886 inopiam

177 1914 392 1951 perpessos,
415 1903 539 1939 multo
566 1901 681 1939 etiam
713 1901 898 1939 maiorem
925 1902 975 1939 ad
997 1901 1215 1955 Avaricum,
1248 1900 1502 1938 maximarum

177 1978 218 2002 se
248 1965 422 2014 gentium
454 1966 618 2004 victores
650 1965 883 2004 discessisse.
945 1967 1037 2004 Non
1077 1965 1150 2003 illis
1186 1966 1378 2003 hordeum
1413 1978 1502 2003 cum
1523 1970 1541 2000 6

177 2029 341 2076 daretur,
374 2043 455 2068 non
486 2029 682 2079 legumina
715 2030 970 2077 recusabant3
1012 2043 1131 2079 pecus
1166 2043 1268 2077 vero,
1306 2029 1415 2067 cuius
1450 2029 1503 2067 rei

177 2106 329 2131 summa
349 2101 428 2132 erat
449 2107 494 2132 ex
516 2094 635 2144 Epiro
655 2093 779 2144 copia,
802 2107 944 2143 magno
965 2093 1004 2131 in
1025 2095 1174 2133 honore
1195 2094 1403 2132 habebant.

232 2160 301 2196 Est
339 2157 455 2196 etiam
493 2171 615 2207 genus
649 2157 788 2196 radicis
827 2157 1028 2196 inventum
1066 2159 1116 2196 ab
1155 2157 1210 2196 eis
1249 2158 1315 2207 qui
1352 2159 1502 2196 fuerant
1520 2158 1573 2205 48

224 2270 235 2289 t
264 2261 383 2291 clivum
412 2260 617 2300 Stephanus:
660 2261 761 2299 pilum
787 2259 824 2289 X
969 2271 989 2299 3
1011 2261 1168 2291 derectae
1199 2260 1261 2290 U‘:
1301 2260 1416 2290 derete
1452 2259 1499 2289 T:

178 2303 322 2334 directae
343 2303 422 2334 LV:
447 2305 605 2343 dereptae
623 2304 736 2343 Sloffel
907 2304 1029 2334 obiecti
1047 2315 1080 2333 r:
1107 2303 1230 2334 obtecti
1249 2301 1286 2332 X
1415 2305 1436 2332 6
1461 2313 1497 2333 se

177 2356 240 2376 om.
262 2346 338 2376 L'T
465 2357 501 2376 21
529 2348 693 2377 haberent
710 2351 750 2376 λε
777 2347 915 2377 haberet
933 2350 997 2377 cell.
