1705 2729
501 115 575 150 DE
607 114 785 151 BELLO
818 114 994 151 CIVILI
1027 115 1127 151 LIB.
1164 117 1180 151 I

175 237 255 262 non
280 232 346 271 est,
371 237 450 273 quo
476 224 685 274 paratiores
709 231 838 262 essent
864 225 914 262 ad
939 224 1226 274 insequendum
1248 240 1394 275 omnes,
1418 228 1497 266 sive

175 295 294 327 noctu
333 288 412 326 sive
454 288 622 326 interdiu
664 296 920 338 erumperent.
996 290 1057 326 Illi
1095 290 1367 329 animadverso
1404 292 1536 341 vitiog

174 360 387 391 castrorum
411 360 493 391 tota
516 360 633 391 nocte
657 352 896 391 munitiones
923 354 1123 403 proferunt
1143 362 1344 404 castraque
1365 357 1497 394 castris

173 423 414 455 convertunt.
476 418 568 455 Hoc
598 416 704 455 idem
738 424 896 468 postero
929 417 993 455 die
1023 431 1046 455 a
1080 418 1203 467 prima
1233 420 1321 457 luce
1351 420 1498 458 faciunt

137 493 153 524 5
173 488 378 530 totumque
406 480 446 518 in
473 495 519 519 ea
547 495 586 519 re
616 480 721 519 diem
749 489 998 519 consumunt.
1059 483 1136 520 Sed
1166 490 1356 531 quantum
1380 497 1496 533 opere
1516 502 1536 532 4

171 553 439 596 processerant
472 553 510 584 et
544 553 668 584 castra
700 548 950 596 protulerant,
983 553 1094 584 tanto
1123 547 1285 585 aberant
1315 549 1365 586 ab
1396 562 1497 597 aqua

172 609 334 659 longius,
368 617 406 648 et
442 610 636 660 praesenti
674 612 778 649 malo
816 610 900 648 aliis
938 611 1050 649 malis
1084 611 1257 649 remedia
1290 613 1493 650 dabantur.

172 673 301 712 Prima
338 681 455 713 nocte
492 674 665 723 aquandi
703 688 819 712 causa
864 688 982 713 nemo
1021 675 1216 724 egreditur
1252 689 1300 714 ex
1336 677 1532 724 castri335

170 737 347 788 proximo
367 738 431 776 die
454 738 648 788 praesidio
675 738 715 776 in
739 738 871 777 castris
898 739 1032 778 relicto
1059 739 1257 778 universas
1283 741 1333 778 ad
1353 754 1494 790 aquam

114 815 151 838 10
170 802 302 851 copias
331 803 515 849 educunt,
544 803 773 852 pabulatum
803 803 990 841 emittitur
1019 817 1147 841 nemo.
1209 804 1284 841 His
1314 818 1380 842 eos
1410 818 1496 854 sup·
1515 814 1534 845 6

169 866 293 916 pliciis
313 868 414 905 male
434 867 568 905 haberi
589 868 733 906 Caesar
759 875 796 906 et
823 868 1081 906 necessariam
1103 868 1231 906 subire
1251 869 1494 907 deditionem

169 943 287 979 quam
313 931 462 980 proelio
491 933 689 970 decertare
718 933 898 970 malebat.
958 933 1134 971 Conatur
1153 940 1284 971 tamen
1306 946 1373 971 eos
1393 935 1495 971 vallo

168 995 350 1044 fossaque
370 995 681 1043 circummunire,
704 1003 746 1034 ut
774 1010 891 1045 quam
920 996 1087 1035 maxime
1113 996 1334 1046 repentinas
1359 1011 1493 1035 eorum

168 1059 391 1109 eruptiones
423 1061 646 1098 demoretur
664 1075 674 1108 3
715 1074 795 1110 quo
829 1061 1048 1099 necessario
1082 1062 1340 1099 descensuros
1371 1062 1495 1100 existi-

111 1137 147 1169 15
167 1124 309 1162 mabat.
370 1124 431 1162 Illi
460 1132 498 1162 et
527 1124 660 1174 inopia
687 1125 821 1174 pabuli
850 1125 1010 1163 adducti
1040 1132 1077 1163 et
1107 1138 1186 1174 quo
1215 1133 1344 1164 essent
1373 1127 1422 1165 ad
1453 1127 1492 1165 id
1516 1140 1531 1172 7

167 1188 424 1238 expeditiores
445 1189 578 1227 omnia
598 1189 803 1227 sarcinaria
822 1189 997 1227 iumenta
1017 1189 1179 1228 interfici
1200 1189 1346 1228 iubent.

221 1254 268 1290 In
298 1252 357 1290 his
387 1252 569 1302 operibus
598 1253 849 1303 consiliisque
879 1253 1042 1291 biduum
1070 1254 1337 1301 consumitur3
1379 1254 1491 1293 tertio
1512 1253 1562 1292 82

165 1315 230 1355 die
259 1329 400 1365 magna
428 1317 504 1355 iam
539 1330 625 1366 pars
659 1317 785 1367 operis
816 1317 991 1356 Caesaris
1023 1326 1271 1367 processerat.
1333 1319 1394 1356 Illi
1426 1319 1493 1356 im-

166 1381 385 1430 pediendae
406 1381 575 1431 reliquae
596 1381 824 1420 munitionis
845 1395 961 1420 causa
982 1383 1076 1421 hora
1096 1382 1246 1421 circiter
1262 1395 1364 1420 vl111.
1382 1382 1492 1433 signo

108 1459 146 1481 20
165 1447 258 1484 dato
303 1445 475 1496 legiones
517 1447 691 1485 educunt
738 1446 941 1496 aciemque
987 1448 1060 1485 sub
1105 1447 1237 1485 castris
1282 1447 1487 1486 instruunt.

166 1511 308 1549 Caesar
338 1512 388 1549 ab
419 1524 535 1560 opere
565 1511 737 1561 legiones
766 1518 930 1557 revocat,
963 1511 1179 1560 equitatum
1210 1525 1369 1551 omnem
1401 1526 1491 1550 con-
1512 1528 1527 1548 2

164 1574 293 1613 venire
322 1574 440 1621 iubet,
467 1575 591 1613 aciem
622 1574 801 1622 instruit;
839 1582 974 1613 contra
1002 1575 1230 1625 opinionem
1261 1576 1365 1615 enim
1396 1576 1491 1614 mili-

163 1646 246 1676 tum
267 1640 490 1689 famamque
517 1639 694 1678 omnium
715 1639 836 1677 videri
864 1639 1054 1688 proelium
1082 1640 1277 1689 defugisse
1305 1653 1489 1689 magnum

163 1703 440 1742 detrimentum
471 1704 680 1742 adferebat.
740 1705 818 1742 Sed
847 1703 995 1741 eisdem
1026 1704 1076 1742 de
1106 1704 1232 1742 causis
1266 1717 1366 1753 quae
1400 1713 1489 1743 sunt
1509 1719 1527 1749 3

107 1781 144 1812 ²5
163 1767 341 1816 cognitae
375 1768 585 1817 quominus
623 1768 808 1807 dimicare
841 1769 956 1806 vellet
995 1769 1224 1806 movebatur
1262 1775 1379 1818 atque
1413 1770 1489 1807 hoc

163 1831 279 1869 etiam
308 1832 437 1881 magiS‚
468 1834 575 1881 quod
606 1833 704 1883 spati
732 1832 898 1871 brevitas
928 1832 1044 1871 etiam
1072 1832 1111 1870 in
1141 1834 1271 1882 fugam
1301 1833 1489 1872 coniectis

162 1897 387 1935 adversariis
422 1910 501 1935 non
536 1900 702 1935 multum
737 1899 786 1935 ad
821 1910 1015 1935 summam
1045 1897 1228 1936 victoriae
1262 1897 1391 1936 iuvare
1422 1912 1488 1947 po-

162 1966 268 1998 terat.
328 1962 419 1999 Non
445 1961 549 1999 enim
570 1961 737 2011 amplius
757 1962 903 2011 pedum
925 1961 1082 1999 milibus
1107 1963 1263 2000 duobus
1283 1962 1334 1999 ab
1354 1962 1487 1999 castris
1505 1978 1523 2007 4

162 2031 285 2063 castra
305 2025 512 2063 distabant.
574 2025 682 2064 Hinc
702 2027 799 2064 duas
826 2025 943 2076 partis
967 2025 1070 2064 acies
1091 2026 1338 2075 occupabant
1358 2027 1459 2064 duae
1478 2040 1487 2072 ;

206 2139 225 2166 4
253 2134 454 2160 convertunt
470 2131 492 2163 β
508 2141 515 2161 :
540 2135 770 2161 convenerunt
787 2129 831 2160 D'
946 2141 984 2162 10
1008 2131 1183 2170 suppliciis
1199 2135 1220 2161 λ
1234 2142 1240 2163 :
1266 2131 1435 2170 supplices
1452 2129 1489 2160 X

689 2182 705 2198 fl

165 2214 201 2242 17
227 2206 326 2235 tertio
344 2205 433 2237 L'T:
458 2207 556 2237 tertia
572 2206 636 2237 D':
667 2217 724 2236 -111-
748 2206 779 2236 V
894 2217 933 2246 19
957 2208 1105 2247 reliquae
1121 2207 1394 2237 Forclzlzanzmer:
1421 2207 1483 2236 rei-

161 2257 226 2285 que
254 2249 300 2278 rei
330 2259 415 2287 quae
432 2251 476 2283 B:
511 2250 559 2280 rei
583 2249 629 2280 D'
826 2260 926 2280 causa
950 2250 1012 2281 D':
1049 2260 1149 2281 causa
1172 2250 1270 2281 fiebat
1289 2250 1348 2280 L':
1386 2251 1484 2280 fiebat

162 2299 261 2321 causa
283 2290 319 2320 T'
450 2303 493 2323 20
517 2293 664 2323 educunt
687 2292 822 2324 Aldus:
855 2295 980 2324 ducunt
997 2292 1035 2322 X
1172 2304 1213 2332 23
1237 2294 1400 2332 proelium
1428 2294 1482 2322 de-

166 2332 291 2371 fugisse
308 2334 546 2366 Hotomannus
561 2347 567 2367 :
592 2335 721 2375 proelio
739 2337 914 2375 diffugisse
931 2335 968 2365 X
